3168 4976
848 380 889 444 18

305 583 382 646 δετοι
406 603 427 650 a
449 585 602 653 Dobraeo
624 586 657 652 in
681 589 788 672 ῥᾶστον
810 588 842 649 δέ
865 607 908 648 τοι
931 586 1113 654 felicissime
1140 597 1286 658 correcta
1308 591 1424 676 omisit,

307 689 505 760 Graffunder
526 692 597 777 ipse
619 711 690 759 eum
713 690 747 775 (l.
770 711 796 759 c.
819 713 850 775 p.
874 690 930 773 20)
954 699 1067 759 contra
1088 691 1264 776 Sauppium
1288 695 1425 781 (quaest

306 798 387 866 Ant.
409 819 440 882 p.
465 797 520 882 12)
547 798 767 882 Brieglebium
795 798 829 883 (l.
852 818 878 865 c.
901 819 932 882 p.
955 794 990 882 ὅ)
1019 800 1058 865 R.
1086 797 1278 866 Sohoellium
1306 804 1426 886 (annal.

303 905 381 988 phil.
398 909 482 972 1871
508 907 570 974 vol.
589 910 650 970 103
667 925 697 987 p.
714 903 793 990 207)
809 906 959 973 defendit.
997 909 1073 973 Hoc
1095 906 1196 988 igitur
1218 905 1288 973 loco
1312 911 1424 979 addito

305 1029 363 1079 sex
394 1013 473 1079 loeis
496 1011 531 1078 A
559 1013 644 1078 solus
672 1009 774 1080 verba
806 1014 849 1080 ad
880 1012 1074 1080 sententiam
1105 1013 1338 1080 restituendam
1368 1035 1423 1082 ne

304 1119 503 1186 cessariam
526 1117 740 1200 Antiphontis
764 1119 963 1187 orationibus
987 1120 1202 1188 conservavit.

392 1225 426 1292 N
442 1226 528 1291 solus
543 1226 692 1292 lacunam
706 1226 858 1292 maiorem
873 1245 1031 1308 nusquam
1053 1227 1206 1308 explevit,
1231 1231 1265 1293 et
1287 1227 1422 1294 concedo

304 1329 520 1400 Graffundero
543 1333 576 1414 I,
602 1337 643 1398 10
673 1331 809 1414 τοιαύτην
838 1331 1043 1416 (quamquam
1066 1330 1108 1414 V,
1133 1339 1175 1399 50
1204 1335 1272 1395 ἄνευ
1297 1332 1422 1416 βασάνου

304 1438 447 1522 τοιαύτης
470 1443 503 1504 et
517 1439 560 1520 V,
583 1444 624 1504 52
649 1439 668 1522 ἡ
694 1437 745 1520 μὲν
770 1436 909 1519 βάσανος,
939 1435 963 1498 ἀ)
987 1437 1103 1524 ἄνδρες,
1128 1439 1247 1522 τοιαύτη
1272 1443 1424 1524 ηεηένηται

304 1545 481 1614 Oxoniensi
499 1543 624 1623 favent)
649 1550 683 1611 et
697 1546 726 1628 I,
752 1550 794 1622 18
811 1542 899 1606 αὑτοῦ
908 1541 934 1629 1)
950 1545 1111 1612 sententia
1126 1563 1190 1612 non
1204 1547 1296 1612 laese
1311 1550 1424 1616 deesse

272 1683 274 1686 ·
302 1670 407 1735 posse,
423 1671 483 1719 neo
497 1657 605 1718 tamen
620 1651 691 1719 veri
706 1651 808 1718 simile
824 1657 875 1718 est
890 1653 923 1720 N
937 1651 1104 1718 librarium
1121 1671 1160 1718 ea
1174 1655 1278 1719 verba
1292 1655 1422 1734 proprio

304 1761 416 1826 Marte
452 1758 629 1842 addidisse,
667 1758 761 1825 immo
797 1759 924 1825 librarii
956 1759 1085 1841 saepius
1116 1759 1219 1827 verba
1249 1759 1423 1842 neglegere

304 1885 400 1948 quam
422 1865 585 1932 inculcare
607 1867 721 1932 solent.
745 1864 798 1950 (ci.
823 1865 991 1934 Thalheim
1015 1867 1055 1932 de
1078 1866 1238 1932 Dinarchi
1261 1866 1422 1933 codicibus

303 1993 333 2055 p.
358 1971 423 2054 12).
469 1971 534 2040 Sed
561 1973 619 2039 vit.
642 1972 778 2055 Antiph.
806 1972 993 2054 (Jernstedt
1021 1978 1051 2054 1,
1073 1970 1108 2058 6)
1136 1975 1205 2034 τότε
1232 1973 1345 2039 melius
1372 1992 1422 2039 re·

304 2080 402 2146 tineri
425 2070 556 2147 censeo.
578 2083 606 2161 Ι,
632 2084 672 2145 27
698 2084 805 2145 autem
829 2079 1015 2164 αἰσχυνθεῖσα
1038 2077 1103 2140 οὐδὲ
1126 2084 1160 2145 et
1175 2081 1216 2161 V,
1239 2084 1280 2145 93
1305 2100 1423 2140 συνανε-

304 2181 398 2269 λὼνῑ)
414 2185 471 2267 καὶ,
496 2205 579 2268 quae
593 2187 695 2254 verba
713 2185 746 2250 in
762 2185 954 2268 Orippsiano
977 2185 1220 2268 interciderunt,
1245 2205 1285 2250 ex
1302 2186 1422 2253 Oxoni-

305 2295 374 2361 ensi
406 2293 591 2376 recipienda
623 2311 694 2359 esse
726 2311 834 2358 omnes
866 2292 1079 2358 consentiunt.
1126 2292 1242 2373 Neque
1268 2310 1326 2359 suo
1352 2292 1424 2358 iure

305 2399 501 2468 Graffunder
517 2399 610 2466 huius
627 2399 745 2465 codicis
762 2400 989 2466 auctoritatem
1005 2399 1206 2481 contempsit,
1231 2400 1316 2481 quod
1331 2401 1358 2482 I,
1380 2403 1421 2464 22

305 2507 351 2568 καὶ
375 2506 518 2588 ἀθέμιστα
546 2505 593 2567 καὶ
621 2507 721 2567 ἀνόσια
748 2505 795 2566 καὶ
823 2505 969 2567 ἀτέλεστα
996 2505 1042 2566 καὶ
1072 2507 1238 2588 ἀνήκουστα
1265 2506 1312 2568 καὶ
1338 2505 1423 2578 θεοῖς

303 2612 351 2675 καὶ
373 2611 438 2694 ὑμῖν
463 2613 603 2680 exhibet.
645 2610 693 2695 (A
716 2611 763 2672 καὶ
786 2613 887 2673 ἀνόσια
909 2611 982 2697 om.)
1025 2613 1194 2694 Respicias
1220 2614 1302 2680 enim
1326 2615 1422 2680 velim

303 2722 538 2804 Antiphontem
571 2721 735 2786 notionum
768 2721 919 2785 ubertate
953 2723 987 2784 et
1020 2719 1220 2786 abundantia
1250 2711 1422 2786 verborum

303 2829 479 2896 orationem
525 2825 729 2909 magnificam
777 2831 809 2892 et
852 2843 986 2907 gravem
1031 2827 1167 2891 reddere
1209 2823 1422 2892 consuevisse.

304 2933 599 3021 (v.Wiedcnhofor:
617 2927 830 3015 Antiphontis
851 2947 922 2997 esse
945 2932 1130 3014 orationem,
1148 2950 1242 3012 quem
1265 2932 1422 2998 editiones

304 3042 457 3108 exhibent
497 3039 641 3123 primam.
691 3039 790 3105 Wien
823 3043 918 3105 1884.
972 3057 1002 3120 p.
1038 3037 1102 3121 22.)
1162 3037 1286 3124 Quodsi
1319 3039 1423 3106 Oobet

303 3150 472 3233 (Mnemos.
498 3152 592 3214 1880.
624 3167 655 3229 p.
679 3145 758 3230 277)
780 3146 866 3211 inter
892 3145 982 3227 θέμις
1009 3151 1044 3211 et
1071 3145 1136 3206 ὁσία
1162 3145 1242 3211 nihii
1263 3146 1422 3211 interesse

302 3261 394 3322 ratus
417 3255 520 3323 verbs
542 3253 588 3316 καὶ
612 3255 712 3315 ἀνόσια
735 3251 872 3319 delenda
895 3257 1013 3335 censet,
1038 3271 1110 3318 eum
1133 3271 1243 3319 errare
1266 3251 1325 3331 IV,
1349 3271 1375 3331 η,
1401 3253 1420 3314 6

303 3360 461 3446 (ἀθέμιστοι
483 3360 530 3423 καὶ
553 3357 667 3444 ἀνόσια)
692 3342 879 3426 documento
903 3365 962 3425 est.
999 3356 1117 3443 (81.Β.
1140 3358 1230 3424 Keil:
1253 3357 1274 3421 l.
1291 3360 1420 3440 (11198

304 3470 413 3536 adnot.
446 3466 511 3550 27.)
561 3469 711 3548 Denique
733 3467 800 3550 VI,
836 3472 878 3533 42
911 3466 1002 3550 δίκην,
1042 3465 1125 3546 quod
1158 3463 1191 3530 A
1223 3467 1298 3545 post
1329 3465 1419 3548 φόνου

303 3575 420 3658 omisit,
450 3575 666 3641 necessarium
694 3593 765 3641 esse
792 3591 981 3656 persuasum
1005 3573 1115 3638 habeo.
1161 3571 1247 3638 Nam
1276 3569 1358 3652 δίκην
1382 3587 1423 3635 ex

303 3681 358 3766 τὴν
379 3681 463 3764 δίκην
486 3680 644 3764 deincipem,
669 3699 738 3749 cum
765 3683 846 3748 haec
860 3683 963 3748 verba
984 3678 1111 3762 longius
1135 3677 1254 3761 absint,
1278 3675 1423 3759 suppleri

302 3791 423 3872 nequit.
462 3790 499 3856 Si
521 3791 581 3856 hoc
602 3789 674 3855 fieri
695 3794 815 3872 posset,
839 3789 919 3854 Ant.
935 3784 977 3870 V,
1003 3790 1043 3852 16
1067 3785 1101 3851 in
1123 3786 1234 3852 verbis
1257 3791 1308 3844 τοο
1332 3785 1422 3866 φόνου

303 3895 358 3981 τὴν
390 3896 472 3979 δίκην
504 3895 667 3981 ὠφληκότα
697 3895 798 3962 multo
829 3893 946 3960 iustius
965 3894 1107 3959 deesset
1138 3890 1194 3976 τὴν
1225 3890 1315 3972 δίκην,
1351 3908 1422 3956 cum

304 4003 413 4072 verbis
436 4003 548 4087 paucis
571 4001 771 4085 interpositis
794 4005 845 4062 τοῦ
867 3996 1128 4086 perstricturus
1151 4000 1304 4080 legamus.
1350 4001 1422 4064 Hos

302 4185 391 4236 torum
413 4181 670 4252 interrogativorum
693 4179 765 4249 opud
787 4177 987 4247 Antiphontem
1010 4184 1038 4234 et
1055 4175 1223 4232 Andocidem
1244 4190 1302 4230 usu.
1340 4172 1423 4228 Halis

307 4269 444 4327 Saxonum
463 4273 540 4327 1886.
577 4287 603 4340 p.
623 4270 666 4323 14.

376 4357 396 4430 ¹)
415 4361 443 4418 N
460 4359 544 4416 habet
561 4359 616 4416 levi
636 4373 725 4414 erroro
745 4353 827 4407 αὐτοῦ.

374 4446 396 4520 2)
414 4451 443 4508 Ν
462 4444 580 4500 συνελὼν,
