3168 4976
880 320 901 380 8

784 403 997 414 ——-..—..

414 523 509 610 §94
560 525 636 614 ἔργω
660 562 702 574 -
727 527 812 613 ἔργον

560 634 629 717 ἡμῖν
653 669 695 680 -
720 631 797 714 ὑμῖν.

297 796 303 806 ·
413 757 587 839 ItaqueN
609 757 887 838 duodesexaginta
908 756 1000 836 vitia,
1025 757 1059 822 A
1082 763 1205 838 septem
1230 769 1263 824 et
1290 765 1447 846 quinqua·

326 863 419 947 ginta
446 864 611 930 commisit
657 864 766 930 utiam
795 865 828 934 in
856 863 927 928 aliis
956 863 1155 928 orationibus
1179 866 1213 930 A
1235 866 1337 932 muita
1359 872 1444 938 vitia

326 965 496 1051 reliquit1)
543 969 651 1054 Quid?
692 971 809 1038 Nonne
830 971 859 1035 is
883 969 1041 1054 singulari
1062 969 1270 1052 neglegentia
1292 973 1364 1054 init,
1391 978 1447 1056 qui

327 1077 412 1158 quod
449 1076 483 1140 in
522 1075 691 1143 scribendo
734 1077 915 1158 deliquerat
954 1077 1118 1158 corrigere
1157 1079 1291 1144 studens
1329 1079 1446 1148 iterum

328 1180 535 1250 dormitavit?
565 1183 666 1252 Velut
685 1183 765 1252 Ant.
781 1184 823 1264 V,
849 1189 891 1249 23
916 1185 949 1249 A
973 1181 1006 1242 τὸ
1030 1183 1126 1243 πάτραν
1150 1185 1336 1268 scripserat,
1362 1188 1446 1267 quod

326 1295 441 1371 postea
451 1289 484 1355 iu
500 1295 669 1376 tornodoro
685 1289 832 1357 mutavit.
865 1291 930 1356 Sed
946 1290 1148 1355 scribendum
1166 1301 1238 1356 erat
1256 1290 1289 1352 τὸ
1302 1297 1445 1379 παράπαν.

327 1397 443 1477 Neque
458 1395 538 1462 Ant.
554 1397 596 1478 V,
622 1403 662 1463 63
679 1397 764 1478 quod
780 1397 843 1462 sibi
864 1399 1088 1478 proposuerat,
1113 1395 1227 1461 effecit.
1266 1399 1353 1466 Nam
1377 1419 1448 1467 cum

326 1522 386 1585 pro
419 1499 648 1588 ὑπὲρὴρέτερον,
681 1502 767 1586 quod
797 1501 1005 1584 neglegentia
1030 1507 1243 1586 exaraverat,
1278 1507 1450 1590 archetypi
1532 1583 1535 1588 ,

227 1633 229 1637 ·
327 1609 496 1682 lectionem
508 1606 689 1694 ὑπερήμερον
701 1609 875 1674 restituere
886 1607 994 1690 vellet,
1012 1614 1178 1673 accentum
1194 1609 1314 1676 addere
1329 1613 1448 1678 oblitus

272 1741 276 1756 ·
329 1721 387 1782 est
433 1715 543 1781 Etiam
566 1715 643 1781 Diu.
665 1716 694 1798 I,
724 1719 765 1782 99
793 1718 936 1780 testatur
962 1714 996 1779 A
1022 1714 1191 1780 librarium
1219 1717 1357 1782 animum
1385 1737 1448 1784 nou

328 1822 410 1888 satis
431 1821 473 1886 ad
496 1821 700 1888 scribendum
723 1821 911 1888 attendisse.
949 1821 1036 1890 Nam
1058 1829 1229 1902 postquam
1253 1821 1333 1902 ὑμεῖς
1357 1820 1409 1904 μὲν
1433 1823 1447 1884 ὁ

327 1927 486 2010 exaravit,
510 1928 703 2010 particulam
722 1929 871 1994 omissam
887 1926 936 1988 καὶ
958 1946 1129 2010 perperam
1150 1937 1224 2010 post
1247 1926 1299 2010 μὲν
1323 1937 1357 1996 et
1379 1936 1448 1996 tum

328 2035 453 2101 demum
475 2041 565 2101 reete
588 2027 665 2102 ante
688 2035 703 2096 ὁ
726 2035 872 2100 inseruit.
918 2035 993 2102 Diu.
1017 2035 1044 2116 I,
1070 2040 1113 2101 70
1142 2042 1250 2101 autem
1277 2055 1348 2102 cum
1371 2056 1448 2102 non-

327 2141 416 2208 nulla
443 2142 545 2208 verba
572 2141 680 2208 oculos
706 2141 831 2224 fugisse
858 2141 1077 2225 cognovisset,
1107 2145 1210 2208 verba
1237 2141 1284 2203 καὶ
1313 2139 1383 2210 τοὺς
1407 2179 1448 2188 -

328 2246 469 2333 εἰσφέρειν
500 2248 534 2314 iu
566 2249 713 2331 margine
744 2248 883 2330 addidit,
918 2248 975 2314 sed
1006 2251 1109 2316 verba
1144 2249 1371 2315 antecedentia
1403 2248 1450 2312 καὶ

329 2353 463 2416 κλέπτειν
486 2355 604 2422 iterum
625 2355 778 2438 neglexit.

419 2479 544 2564 Quodsi
571 2479 605 2544 A
631 2499 694 2545 non
722 2479 825 2546 muita
851 2479 1103 2562 emendavisset,
1133 2481 1202 2547 cius
1230 2481 1331 2546 codex
1359 2481 1449 2548 vitiis

329 2589 479 2652 scateret
506 2586 624 2667 Itaque
637 2585 852 2654 Graffundero
864 2585 1057 2667 adstipulari
1068 2607 1132 2653 uon
1144 2607 1321 2670 possumus,
1338 2589 1450 2668 quiex

329 2691 397 2758 iliis
413 2692 664 2778 correctionibus
684 2693 846 2758 concludit
861 2693 894 2759 A
909 2692 1077 2758 librarium
1101 2694 1270 2776 diligentia
1293 2692 1448 2758 excellen-

328 2803 395 2866 tem
416 2798 526 2866 fnisse.
571 2800 672 2865 Immo
696 2800 946 2866 concludendum
969 2806 1019 2866 est
1041 2800 1075 2866 in
1099 2819 1135 2867 eo
1159 2800 1227 2866 eius
1249 2799 1335 2866 modi
1357 2799 1447 2881 inge·

329 2906 416 2974 nium
444 2925 484 2973 ac
510 2911 660 2973 naturam
691 2906 805 2990 tuisse,
839 2911 877 2972 nt
909 2907 951 2972 ad
981 2925 1051 2974 rem
1082 2906 1280 2990 propositam
1312 2905 1451 2970 animum

331 3013 500 3080 attendere
523 3033 587 3080 non
609 3018 728 3096 posset.
766 3013 838 3099 Quo
861 3013 908 3097 iit,
933 3017 969 3078 ut
992 3014 1112 3080 rectius
1137 3033 1232 3094 quam
1255 3011 1452 3080 Graffunder

330 3121 452 3188 iudicet
475 3119 641 3188 Aruoldus
664 3125 746 3204 Hug
772 3117 850 3204 (1.1.
872 3139 902 3203 p.
930 3118 994 3203 12),
1024 3121 1079 3202 qui
1107 3121 1199 3186 dicit:
1237 3122 1339 3200 „Erat
1367 3116 1451 3182 enim

331 3227 451 3294 codicis
475 3227 508 3294 A
531 3227 685 3293 librarius
712 3231 826 3293 tantae
854 3232 887 3293 et
914 3226 1146 3293 imbecillitatis
1170 3231 1203 3290 et
1224 3221 1452 3304 neglegentiae

330 3335 438 3416 homo,
473 3339 511 3401 ut
543 3330 764 3401 incredibilem
798 3337 1001 3417 peecatorum
1035 3350 1199 3399 numerum
1232 3329 1447 3396 admitteret.“

331 3439 383 3506 At
410 3475 451 3484 —
480 3441 562 3506 haec
586 3441 665 3506 mibi
694 3439 890 3508 Graffunder
916 3440 1187 3522 respondebit-
1214 3456 1285 3502 eum
1313 3437 1451 3502 maxima

333 3545 504 3630 diligentia
519 3545 620 3613 fuisse
642 3547 819 3628 putandum
847 3553 907 3631 est,
931 3547 987 3628 qni
1008 3546 1125 3634 librum
1148 3545 1213 3610 iam
1236 3543 1451 3626 perscriptum

332 3655 374 3719 ab
397 3653 489 3719 initio
512 3654 678 3735 usquead
701 3653 795 3720 finem
818 3673 889 3720 cum
912 3655 1088 3736 archetypo
1113 3652 1257 3718 contulit.
1304 3651 1370 3718 Sed
1390 3650 1452 3715 hoc

405 3932 426 4003 1)
444 3935 479 3990 In
490 3937 577 4006 prima
588 3935 768 4006 Antiphontis
783 3938 905 3991 oratione
918 3938 944 3992 A
959 3938 1086 4005 sedecies,
1099 3938 1126 3992 N
1143 3934 1315 4001 undetricies‚
1330 3934 1359 3990 iu
1370 3933 1402 3988 11
1414 3949 1452 3988 or.

333 4025 361 4080 A
384 4026 562 4093 duodevicies,
585 4027 612 4080 N
630 4027 713 4081 vicies
739 4026 834 4094 sexies,
857 4027 886 4082 in
903 4027 951 4086 111
970 4044 1007 4082 or.
1026 4025 1052 4082 A
1078 4027 1166 4081 sexies
1185 4024 1281 4091 deciae,
1305 4024 1331 4080 N
1349 4021 1453 4090 novies,

333 4113 362 4168 in
379 4115 424 4168 IV
448 4131 484 4168 or.
508 4120 620 4182 uterque
642 4116 685 4170 bis
711 4121 739 4170 et
756 4115 852 4182 vicies,
878 4116 907 4170 in
925 4117 969 4172 VI
987 4133 1024 4171 or.
1044 4117 1071 4170 A
1091 4114 1231 4182 quinquies
1255 4118 1283 4166 et
1306 4112 1402 4179 vicies,
1426 4113 1454 4168 N

334 4203 474 4270 quinquies
495 4208 523 4257 et
540 4204 641 4270 tricies,
659 4204 688 4257 in
700 4205 830 4259 Dinarchi
849 4206 1015 4260 orationibus
1028 4205 1054 4259 A
1074 4197 1297 4271 duodesexagies,
1315 4197 1339 4252 N
1355 4201 1453 4256 dnode-

335 4291 499 4360 septnagies,
521 4291 550 4346 in
572 4293 722 4348 Leocratea
745 4289 880 4360 (51—33
903 4299 933 4348 et
955 4290 971 4360 ξ
992 4288 1128 4357 tus-150)
1147 4289 1174 4346 A
1197 4290 1281 4345 vicies
1305 4289 1455 4357 quinquies,

334 4381 362 4436 N
380 4381 463 4436 vicies
483 4381 584 4450 septies
602 4388 789 4450 peccaverunt.
