3168 4976
698 333 739 395 35

619 417 832 426 ---—-—--—

255 548 336 614 Ant.
353 547 395 628 V,
422 550 458 610 11
485 543 547 604 δέον
572 538 604 604 σὲ
627 540 814 622 διομόσασθαι
836 540 920 627 όρκον
938 587 945 602 .
964 588 971 602 .
991 587 997 601 .
1018 537 1160 620 ἐξώλειαν
1184 540 1284 625 σαυτῷ

163 656 212 720 καὶ
236 657 311 737 γένει
329 699 335 714 .
355 699 361 713 .
380 698 387 713 .
404 649 590 736 ἐπαρώμενον
615 650 656 731 Ν,
683 647 763 730 αὐτῷ
787 648 829 714 A.

257 762 309 828 Ac
335 755 661 837 Maetzuer·quidem
689 754 770 838 αὐτῷ
799 755 982 820 emendavit
1009 754 1042 820 in
1071 753 1165 838 αὐτῷ,
1200 755 1285 836 quod

167 866 362 939 Graffonder
386 870 420 928 et
436 864 617 928 Bohlmann
634 863 700 944 (De
715 862 813 928 caedo
829 862 971 927 Herodis
995 862 1108 927 oratio,
1131 862 1284 944 Liegnitz

168 973 265 1055 1886)
282 971 422 1054 amplexi
438 977 522 1036 sunt.
560 970 677 1050 Neque
691 969 822 1034 dubium
846 974 905 1050 est,
930 969 1006 1050 quin
1030 988 1168 1052 persona
1186 969 1287 1036 tertia

161 1078 360 1164 pronominis
388 1075 535 1144 reflexivi
558 1078 598 1143 de
620 1077 725 1158 prima
753 1095 791 1140 ao
814 1075 954 1142 secunda
977 1094 1116 1156 persona
1137 1076 1285 1157 frequen·

162 1191 253 1252 tetur
270 1181 322 1266 (of.
339 1186 509 1250 Maetzner
525 1183 601 1248 edit.
618 1182 698 1248 Ant.
713 1201 743 1263 p.
760 1184 822 1248 181
841 1187 875 1247 et
892 1181 1086 1248 Graffunder
1101 1183 1122 1247 l.
1137 1184 1157 1248 1.
1173 1202 1202 1263 p.
1218 1181 1285 1265 82),

165 1291 313 1374 quamvis
346 1289 550 1356 Herwerden
582 1285 745 1373 (mnemos.
772 1287 834 1353 vol.
864 1293 902 1354 11
933 1308 963 1370 p.
988 1286 1068 1373 215)
1100 1297 1133 1374 et
1153 1289 1287 1356 'Oucuel

165 1400 198 1482 (l.
215 1418 240 1464 c.
257 1418 287 1479 p.
305 1395 359 1477 66)
376 1399 416 1461 ab
437 1397 499 1461 hac
521 1395 684 1462 sententia
707 1395 893 1460 dissideant.
932 1397 1049 1476 Itaque
1068 1396 1102 1462 N
1122 1395 1285 1480 librarius

165 1506 221 1588 qui
244 1501 343 1586 σαυτῷ
366 1503 505 1584 scripsit,
531 1522 588 1568 suo
613 1501 747 1567 arbitrio
771 1503 941 1568 obsecutus
965 1521 1036 1568 esse
1058 1502 1197 1568 videtur.

254 1613 294 1693 V,
313 1606 677 1689 mancipaturos
697 1614 749 1668 τοῦ
773 1610 936 1694 κατηγόρου
960 1607 1055 1690 λόγων
1079 1605 1152 1680 τοὺς
1175 1611 1286 1689 νόμους

163 1715 407 1798 καταμανθάνειν,
437 1715 462 1776 εἰ
486 1715 591 1786 καλῶς
615 1711 679 1795 ὑμῖν
703 1721 809 1776 κεῖνται
832 1715 851 1797 ἡ
877 1713 927 1796 μὴ,
957 1714 1025 1776 ἀλλ’
1051 1714 1165 1775 ἐκτῶν
1189 1717 1286 1796 νόμων
1341 1785 1343 1794 ,

284 1839 312 1872 09
482 1838 509 1870 Ου

165 1892 240 1966 τοὺς
259 1899 319 1955 τών
342 1896 514 1978 κατηγόρων
537 1892 657 1974 λόγους,
676 1939 703 1954 ..
719 1939 725 1953 .
739 1892 784 1953 εἰ.
799 1939 806 1953 .
821 1939 828 1953 .
846 1887 951 1971 διδάξει
967 1893 1010 1972 N,
1033 1892 1077 1954 εἰ.
1093 1940 1100 1954 .
1115 1939 1122 1954 .
1139 1889 1287 1972 διδάξουσι

168 2002 212 2067 Α.
260 2003 311 2066 Ex
343 1997 450 2080 διδάξει
482 2000 640 2066 Weidner
677 1998 799 2083 διδάσκρι
837 2005 872 2065 et
909 2019 949 2065 ex
987 1995 1131 2078 διδάξουσι
1166 2001 1287 2067 Raiske

167 2107 327 2170 διδάσκουσι
358 2107 510 2174 restituit.
567 2107 751 2189 Orippsiani
782 2107 877 2172 lectio
909 2107 1013 2190 magis
1045 2107 1123 2172 mihi
1155 2109 1287 2173 arridet.

167 2217 269 2282 Recte
292 2216 375 2281 enim
391 2217 572 2281 Bohlmann
588 2213 827 2297 (Autiplrontea
849 2234 879 2296 p.
896 2212 931 2298 5)
953 2221 1069 2294 monet,
1094 2220 1131 2278 ut
1153 2215 1287 2279 verbum

166 2329 274 2384 κεῖνται.
302 2322 344 2387 ad
371 2325 480 2402 νόμους
508 2322 684 2402 pertineat,
718 2321 764 2386 sio
792 2319 1039 2386 concinnitatem
1067 2322 1217 2401 suadere,
1252 2327 1288 2386 ut

169 2429 268 2493 etiam
290 2427 427 2488 διδάσκειν
452 2429 493 2493 ad
516 2427 626 2510 λόγους
649 2427 833 2493 referamus.
868 2427 1009 2497 Accedit
1031 2429 1115 2509 quod
1138 2435 1287 2493 nontam

170 2533 211 2600 de
235 2541 422 2616 accusatore
443 2535 512 2616 ipso
536 2553 632 2616 quam
655 2536 694 2600 de
717 2534 785 2600 eius
808 2535 918 2601 verbis
941 2535 1059 2616 agitur.

260 2640 340 2705 Ant.
353 2643 394 2719 V,
413 2645 467 2705 26:
492 2641 578 2724 ἐγγύς
594 2663 648 2702 τοο
669 2647 720 2701 τοῦ
741 2641 863 2721 λιμένος
887 2639 966 2712 εἰκὸς
988 2640 1024 2724 ἦν
1049 2640 1119 2702 αὐτό
1144 2641 1289 2724 γίγνεσθαι

168 2744 239 2832 (Ν),
265 2751 352 2807 τοῦτο
378 2747 447 2828 γίγν.
473 2749 512 2814 Α,

258 2854 373 2919 Potius
401 2851 471 2914 αὐτὸ
498 2856 627 2921 librarii
655 2853 887 2922 dubitationem
913 2874 1042 2922 movere
1065 2855 1171 2938 potuit
1194 2874 1289 2936 quam

171 2963 269 3034 τοῦτο,
293 2960 356 3024 uisi
370 2961 483 3026 melius
498 2968 648 3042 putamus
666 2962 915 3044 discrepantiam
932 2964 975 3028 ad
991 2981 1132 3028 errorem
1148 2962 1289 3028 referen-

170 3066 245 3131 dam
278 3085 347 3132 esse
380 3066 513 3134 alterius
545 3069 651 3135 utrius
679 3069 813 3134 librarii.
865 3069 1042 3136 Oxoniensi
1069 3057 1290 3150 suffragantur

170 3171 249 3238 Alli
268 3176 308 3256 V,
327 3178 346 3238 5
364 3173 474 3256 (δέομαι
491 3173 571 3254 ὑμῶν
588 3177 759 3258 συγγνώμην
783 3177 859 3261 ἐχειν
883 3199 930 3258 μοι
953 3176 999 3237 καὶ
1022 3176 1154 3261 ἡγεῖσθαι
1178 3178 1291 3263 ἀπειρίᾳ

172 3276 241 3339 αὐτό
266 3279 380 3361 μᾶλλον
408 3280 427 3363 ἢ
457 3281 549 3364 ἀδικίᾳ
575 3282 764 3369 ἡμαρτῆσθαι
791 3294 824 3348 et
848 3285 907 3366 VI,
933 3289 952 3349 8
981 3284 1106 3366 ἡγοῦμαι
1128 3331 1135 3344 .
1158 3330 1165 3345 .
1189 3331 1195 3345 .
1219 3283 1291 3344 αὐτά

172 3383 261 3448 οἴσειν.
306 3389 423 3468 Itaque
448 3387 514 3448 αὐτὸ
537 3389 641 3472 magis
663 3389 741 3455 mihi
764 3390 896 3456 arridet.

261 3491 302 3574 V,
327 3499 368 3560 85
394 3493 468 3575 οἶμαι
491 3491 523 3554 δέ
546 3493 591 3555 καὶ
616 3493 693 3576 ὑμῶν
718 3496 950 3582 ἀποψηφίσασθαι
974 3497 1017 3577 Α,
1043 3494 1089 3557 καὶ
1112 3517 1170 3564 0111.
1193 3498 1235 3564 N.

260 3599 333 3666 Non
357 3602 441 3667 male
464 3598 677 3683 Bohlmann1)
704 3602 807 3670 locum
831 3604 891 3668 hoc
913 3603 1006 3669 modo
1029 3603 1187 3670 restituit:
1217 3603 1291 3683 οἶμαι

169 3701 202 3766 δὲ
234 3704 279 3766 καὶ
311 3705 379 3794 πρὸς
412 3707 480 3789 ἐμοῦ
513 3708 581 3770 εἶναι
609 3707 654 3770 καὶ
683 3707 760 3790 ὑμῶν
790 3707 1031 3794 ἀποψηφίσασθαι.
1084 3710 1155 3775 Neo
1182 3715 1291 3774 tamen

172 3814 333 3880 assentior
356 3814 573 3883 Graffundero
601 3816 635 3900 (l.
659 3835 685 3882 o.
707 3836 738 3898 p.
761 3814 828 3898 82),
858 3816 913 3898 qui
935 3819 967 3884 N
990 3815 1159 3883 librarium
1182 3813 1227 3874 καὶ
1251 3815 1292 3881 de

169 3918 332 3986 industria
354 3923 499 3988 omisisse
520 3929 624 4003 putat

260 4027 375 4108 Neque
392 4029 475 4094 enim
490 4029 595 4110 video,
620 4031 697 4110 quid
713 4051 782 4098 eum
800 4033 842 4097 ad
862 4033 944 4096 hanc
960 4030 1152 4112 particulam
1175 4029 1290 4098 eicien-

171 4133 243 4199 dam
267 4134 439 4217 impulerit.

245 4396 265 4467 1)
285 4402 318 4456 cf.
339 4401 528 4469 Antiphontea
546 4419 572 4472 p.
591 4403 635 4458 29.
