3168 4976
845 353 886 414 22

304 558 338 620 τό
362 563 496 644 παράπαν
526 559 584 646 ἔφη
613 560 665 622 οὐκ
693 560 813 644 ἐκβῆναί
842 583 878 643 με
906 563 1077 630 exaravit?
1113 569 1227 649 Neque
1243 569 1276 631 τό
1292 575 1427 657 παράπαν

304 665 364 728 οὐδ’
389 666 556 734 offensioni
579 669 651 752 erit,
669 668 723 749 qni
739 667 912 734 contulerit
927 666 1098 751 Aristoph.
1113 673 1201 738 Plnt.
1219 681 1259 742 17
1278 678 1425 764 ἀποκρινο-

304 773 391 854 μένου
415 772 449 834 τό
472 777 606 860 παράπαν
630 771 696 835 οὐδὲ
719 773 784 860 γρῦ)
813 777 846 837 et
868 774 969 840 Isocr.
993 793 1038 841 or.
1063 781 1104 843 17
1128 775 1147 861 ξ
1173 783 1213 844 35
1238 779 1362 861 (πείθων
1386 783 1426 854 ὡς

303 878 337 940 τό
360 885 495 967 παράπαν
519 879 578 941 οὐδ’
602 880 639 961 ὴν
662 879 766 942 ἐνθάδε
790 902 837 961 μοι
860 879 1022 966 χρήματα).
1067 883 1159 950 Idem
1182 884 1222 949 de
1244 885 1322 951 Dm.
1337 891 1365 969 Ι,
1383 895 1425 956 40

304 992 338 1052 et
360 988 407 1068 ΙΙ,
432 993 452 1053 9
476 987 645 1052 dicendum
668 993 727 1053 est.
774 989 841 1056 Our
868 972 975 1084 optem
999 991 1032 1055 in
1055 988 1089 1056 A
1113 991 1193 1056 Ant.
1211 991 1254 1073 V,
1280 996 1321 1058 26
1346 993 1425 1075 κάγὼ

303 1091 387 1154 λίθον
404 1090 544 1174 ἐνέβαλον
561 1089 642 1176 αὐτῷ
660 1109 718 1174 pro
740 1091 820 1176 κάγὼ
844 1093 928 1156 λίθον
945 1093 1026 1179 αὐτῷ
1047 1094 1187 1179 ἐνέβαλον
1202 1095 1263 1183 (Ν)
1278 1099 1423 1184 legimUS‚

303 1201 383 1266 Ant
406 1195 472 1280 VI,
508 1205 527 1263 9
556 1199 582 1259 εί
609 1221 636 1260 τι
670 1197 727 1283 ἐγὼ
750 1201 867 1283 ἠδίκουν
901 1201 957 1284 τὴν
988 1203 1072 1264 πόλιν
1103 1223 1162 1286 pro
1195 1205 1222 1266 εί
1252 1225 1278 1266 τι
1310 1205 1424 1289 ἠδίκουν

303 1302 360 1388 ἐγὼ
388 1303 444 1388 τὴν
471 1305 555 1367 πόλιν
583 1303 662 1392 (N),
691 1308 771 1390 Lyn.
799 1304 818 1392 ξ
844 1314 885 1374 19
915 1314 1135 1394 κατηγοροῦντα
1168 1311 1273 1372 τούτου
1307 1310 1425 1398 (ἴσασιν)

303 1411 333 1472 έν
357 1409 405 1498 τῷ
430 1411 515 1496 δήμῳ
543 1433 602 1496 pro
630 1419 850 1496 κατηγοροῦντα
878 1411 908 1473 ἐν
932 1413 1078 1497 τῷδήμῳ
1099 1416 1204 1477 τούτου
1226 1415 1304 1500 (N)P
1338 1421 1426 1487 Num

303 1519 435 1586 consilio
467 1521 577 1586 verbis
609 1521 798 1602 regentibus
831 1519 958 1585 obiecta
990 1521 1160 1602 apposnit?
1215 1524 1290 1589 Hoc
1322 1527 1427 1608 ipsum

303 1624 501 1694 Graffundcn
527 1626 661 1692 librario
690 1627 722 1692 N
752 1625 864 1709 obicit,
890 1627 974 1707 quod
1002 1627 1082 1693 Ant.
1105 1628 1176 1709 ΙΙΙ,
1202 1650 1227 1712 γ,
1253 1635 1272 1696 5
1297 1630 1347 1691 τὸν
1365 1679 1372 1691 .
1391 1679 1424 1692 ..

303 1734 492 1819 ἁμαρτόντα.
508 1779 515 1794 .
531 1727 686 1815 .διαπι”γΕαι
707 1731 740 1793 τό
758 1733 889 1795 ἀκόντιον
904 1733 983 1816 λέγει
998 1753 1056 1816 pro
1073 1733 1142 1798 τόν.
1159 1788 1164 1798 ,
1179 1785 1186 1800 .
1200 1737 1425 1822 ἁμαρτόντα...

300 1835 437 1924 διαπῖγξαι
457 1840 535 1922 λέγει
559 1839 592 1900 τό
617 1841 747 1901 ἀκόντιον
768 1839 830 1923 (A)
851 1840 931 1907 Ant
947 1843 976 1923 I,
1002 1847 1043 1907 22
1067 1840 1097 1902 ἐν
1122 1839 1186 1922 ὑμῖν
1209 1841 1270 1904 ἐστὶ
1293 1849 1345 1904 τοῦ
1368 1840 1424 1928 (cx

301 1951 389 2008 τοῦτο
417 1948 645 2028 depravatum)
674 1945 775 2032 ὀρθῶς
802 1946 954 2028 διαγνῶναι
981 1967 1039 2028 pro
1068 1945 1098 2008 ἐν
1131 1945 1196 2028 ὑμῖν
1227 1951 1315 2010 τοῦτό
1348 1948 1425 2010 ἐστιν

302 2051 404 2138 ὀρθῶς
436 2049 625 2134 tropum)
658 2056 704 2132 ΙΙ,
736 2049 763 2133 β,
795 2057 835 2118 13
870 2053 1000 2138 περιιδεῖν
1034 2075 1069 2134 με
1102 2053 1212 2126 ἀδίκως
1243 2054 1290 2116 καί
1324 2053 1427 2127 ἀθέως

301 2158 500 2245 διαφθαρέντα
519 2178 578 2241 pro
601 2158 732 2244 περιιδεῖν
756 2158 866 2230 ἀδίκως
889 2157 936 2218 καί
959 2158 1062 2231 ἀθέως
1084 2159 1283 2246 διαφθαρέντα
1307 2183 1342 2242 με
1362 2158 1424 2246 (A)

301 2266 380 2333 Diu.
398 2269 427 2347 I,
453 2271 517 2334 107
543 2265 702 2352 μοχθηρός
726 2265 849 2336 ἐλπίδας
875 2265 951 2350 ἔχειν
973 2268 1110 2349 ποιήσετε
1132 2271 1248 2338 πάντας
1271 2287 1329 2350 pru
1354 2289 1426 2352 μοχ-

300 2371 403 2459 θηράς
427 2373 550 2444 ἐλπίδας
574 2375 711 2455 ποιήσετε
734 2375 849 2444 πάντας
874 2371 954 2457 ἔχειν
975 2371 1036 2456 (A)
1060 2375 1255 2456 suppeditat.

409 2482 522 2562 Atque
541 2481 617 2546 Dio.
633 2481 661 2562 Ι,
680 2485 721 2547 58
739 2470 772 2546 Α
787 2479 906 2546 tradit:
932 2476 1013 2540 οὐδὲν
1030 2477 1079 2540 οὖν
1096 2481 1203 2540 ἄτοπον
1220 2531 1227 2546 ,
1244 2531 1251 2545 .
1267 2531 1274 2546 .
1291 2479 1426 2567 ἐφαίνετο

301 2593 388 2648 ποιεῖν
409 2584 483 2668 ὑμῖν,
508 2589 541 2655 Ν
562 2582 648 2652 οὐδέν
672 2587 780 2647 ἄτοπον
801 2637 808 2652 .
830 2637 837 2651 .
858 2637 865 2652 .
887 2585 1020 2671 ἐφαίνετο
1045 2584 1109 2668 ὑμῖν
1133 2593 1231 2650 ποιεῖν.
1266 2590 1427 2658 Nimirum

303 2693 512 2762 Graffundcri
534 2693 652 2760 indicio
675 2694 709 2760 N
732 2693 811 2758 nihil
835 2694 1000 2774 antiquius
1027 2693 1156 2776 habuit,
1181 2715 1276 2776 quam
1299 2701 1336 2761 ut
1361 2693 1425 2774 ὑμῖν

302 2801 343 2867 nd
367 2799 502 2886 ἐφαίνετο
520 2799 701 2866 collocaret.
740 2799 806 2868 Sed
825 2799 1009 2868 adversarii
1031 2800 1157 2866 librarii
1172 2802 1207 2866 A
1224 2801 1332 2866 dicent
1356 2819 1427 2866 cum

300 2907 494 2974 infinitivum
529 2911 617 2968 ποιεῖν
651 2907 753 2975 verbo
787 2907 915 2990 regenti
955 2907 995 2972 de
1031 2905 1194 2973 industria
1231 2905 1428 2973 adiunxisse.

300 3016 458 3082 Praestat
484 3013 595 3096 igitur
614 3017 655 3080 ab
688 3013 844 3080 eiusmodi
873 3012 1208 3097 argumentationibus
1236 3017 1427 3096 temperare.

300 3122 417 3203 Neque
451 3139 554 3187 meum
589 3137 661 3188 ease
693 3122 788 3188 oredo
820 3121 854 3190 N
887 3119 1055 3186 librarium
1086 3125 1220 3204 propter
1252 3139 1306 3187 cos
1338 3121 1425 3184 locos

302 3228 489 3312 defendere,
513 3227 570 3294 ubi
593 3228 847 3311 comparativum
870 3232 904 3294 et
930 3227 1123 3310 particulam
1155 3227 1175 3310 ἦ
1199 3225 1294 3313 (Ant.
1316 3221 1359 3305 V,
1389 3221 1439 3309 5)
1563 3221 1564 3226 ’

301 3335 355 3406 vel
371 3335 556 3420 genetivum
572 3338 613 3402 ab
629 3335 686 3402 illo
700 3339 890 3417 ¹suspensum
915 3335 1081 3400 coniunxit
1103 3330 1193 3415 (Diu.
1212 3333 1259 3413 Π,
1285 3329 1424 3413 2)invito
1563 3307 1564 3360 l

302 3443 510 3526 Orippsiano,
548 3441 741 3525 praesertim
778 3459 848 3507 cum
882 3441 914 3508 N
952 3459 1033 3507 oum¹
1056 3437 1269 3520 Antiphontis
1308 3455 1427 3520 genere
1563 3449 1564 3464 ¹

303 3549 430 3616 dicendi
457 3549 561 3632 magis
589 3549 746 3615 concinat.
795 3546 850 3634 (cf.
877 3549 930 3632 H,
956 3546 983 3630 β,
1009 3556 1037 3613 8.
1071 3547 1123 3629 H,
1140 3544 1174 3626 δ,
1205 3549 1234 3612 2.
1268 3547 1322 3629 ΙΙ,
1346 3545 1371 3628 δ,
1398 3551 1426 3611 5·

303 3657 365 3740 IV,
392 3653 420 3738 β,
445 3661 474 3723 8.
497 3655 540 3738 V,
565 3661 617 3722 42.
641 3655 683 3738 V,
709 3654 775 3738 59.)

391 3765 440 3834 Ut
469 3765 576 3829 antem
605 3761 814 3830 Graffnnderi
840 3761 967 3828 ratione
995 3757 1182 3844 disputandi
1207 3763 1298 3842 utar,
1331 3777 1427 3840 qnam

304 3874 343 3939 ob
367 3889 497 3938 oausam
521 3853 556 3936 'A
578 3867 658 3936 Ant.
681 3869 728 3951 ΙΙ,
753 3869 821 3952 δ,·8
846 3867 977 3935 exhibet
1004 3865 1101 3928 δοῦλοι
1128 3865 1148 3949 ἢ
1172 3863 1274 3928 δοῦλοί
1298 3887 1344 3945 μοι
1367 3883 1427 3949 pro

271 3990 276 4002 ·
303 3977 402 4040 δοῦλοί
426 3998 473 4059 μοι
496 3976 515 4062 ἢ
539 3975 640 4038 δοῦλαι
665 3973 747 4061 (N)?
791 3977 879 4046 Num
902 3973 1006 4042 Voluit
1031 3973 1117 4040 inter
1140 3973 1243 4039 verba
1266 3972 1428 4038 disiuncta
1563 4025 1564 4054 ,

304 4085 404 4152 solam
427 4084 621 4168 particulam
645 4083 872 4164 disiunctivam
895 4079 987 4150 esse?
1025 4081 1071 4148 Et
1093 4078 1178 4164 qnod
1201 4076 1235 4144 A
1257 4077 1337 4162 Lyc.
1363 4083 1424 4146 101

304 4192 435 4274 scripsit
465 4190 582 4275 ἐποίησε
610 4189 664 4274 τὴν
693 4190 817 4276 πατρίδα
844 4190 960 4273 μᾶλλον
988 4193 1047 4250 των
1070 4184 1178 4248 παίδων
1202 4184 1345 4269 φιλοῦσαν
1367 4204 1427 4269 pro

305 4333 518 4344 -—--——-—·—

415 4417 438 4490 1)
457 4421 490 4476 tl.
509 4420 576 4476 Ant.
594 4420 618 4487 Ι,
638 4421 685 4474 31:
705 4416 731 4469 ἐν
751 4415 809 4490 ὐμῖν
827 4417 848 4470 δ’
869 4410 921 4471 ἐστὶ
942 4415 1042 4469 σκοπεῖν
1060 4412 1092 4466 τοί
1110 4411 1185 4466 λοιπά
1204 4421 1253 4472 etc.
