3168 4976
776 352 989 448 *³0-

410 551 491 620 Oum
519 559 626 624 autem
654 560 783 641 saepius
811 561 980 644 Antiphon
1008 565 1211 635 substantivo
1243 567 1328 641 ἐλπίς
1360 569 1439 636 erti-

321 658 425 726 eulurn
448 661 550 728 addet
572 660 625 746 (ei.
650 665 844 733 Greffunder
867 666 888 732 l.
912 687 937 732 α
960 687 991 749 p.
1013 666 1068 750 71)
1092 666 1284 753 Orippsiauo
1308 678 1439 760 obsequi

318 766 435 834 malim.

408 877 449 956 V,
468 879 509 942 42
534 876 548 936 ὁ
573 875 678 961 ἕτερος
701 875 869 962 ἅνθρωπος,
895 879 909 940 ὁ
933 877 1032 942 πλέων
1055 882 1098 960 Ν,
1123 882 1137 943 ύ
1161 883 1267 950 omisit
1289 887 1370 955 falso
1394 892 1438 960 A.

295 985 299 993 '
407 981 469 1063 VI,
496 989 514 1048 2
538 981 553 1042 ύ
577 982 686 1068 χρόνος
708 981 755 1044 καὶ
780 981 911 1072 ἐμπειρία
934 989 976 1070 Ν,
996 986 1020 1072 ἡ
1046 987 1175 1074 ἐμπειρία
1199 989 1239 1058 A.

407 1089 439 1154 N
463 1089 573 1170 prorui
598 1088 694 1154 dubio
718 1090 861 1172 deliquit.

406 1196 466 1276 VI,
493 1201 510 1258 5
536 1193 605 1281 ύπὲρ
623 1194 683 1257 ἐστι
700 1198 833 1280 μέγιστον
850 1205 915 1270 τοῖς
939 1200 1105 1288 ἀνθρώποις
1129 1202 1239 1285 ἀγαθόν
1254 1205 1297 1286 Ν,
1323 1205 1434 1292 ἀνθρύ-

316 1301 628 1372 mmmA

322 1395 326 1402 ¹
404 1412 554 1492 Utraque
587 1412 683 1478 lectio
718 1411 932 1494 Antiphontis
966 1415 1076 1496 generi
1115 1415 1241 1482 dicendi
1276 1421 1435 1487 convenit.

316 1514 354 1582 ef.
382 1520 541 1600 exemplu,
575 1538 658 1600 quae
681 1518 876 1586 Gruffunder
903 1517 936 1602 (l.
959 1519 979 1584 1.
1002 1539 1032 1601 p.
1057 1519 1111 1597 72)
1135 1517 1172 1606 lin
1196 1525 1333 1590 medium
1362 1546 1433 1608 pro·

313 1623 397 1688 tulit.
445 1625 637 1694 Oxonieusis
666 1630 772 1692 autem
800 1625 929 1692 lectioni
956 1625 1070 1693 favent
1093 1628 1153 1710 VI,
1179 1634 1198 1694 4
1227 1629 1360 1713 (pipere
1388 1633 1434 1694 καὶ

313 1729 496 1793 παλαιότατα
524 1739 588 1804 τοῖς
617 1732 798 1820 ἀνθρώποις)
826 1739 860 1800 ού
884 1736 948 1817 Vi,
973 1739 992 1800 5
1023 1733 1097 1818 (ἔστι
1128 1731 1179 1815 μὲν
1202 1736 1255 1822 γάρ
1280 1737 1317 1798 τοὶ
1340 1737 1432 1800 πλείω

313 1844 378 1910 τοῖς
403 1838 570 1926 ἀνθρώποις
593 1845 645 1901 τοῦ
670 1837 732 1923 βίου
756 1840 787 1902 ἐν
810 1847 878 1912 ταῖς
902 1840 1033 1922 ἐλπίσιν).
1072 1841 1122 1908 At
1136 1844 1216 1910 haec
1236 1845 1308 1926 ipsa
1328 1865 1432 1912 exem-

312 1944 366 2026 pla
396 1946 430 2012 N
460 1946 628 2013 librarium
661 1948 825 2030 decepisse
858 1954 891 2014 et
923 1949 1062 2016 addendi
1093 1949 1267 2031 perieulum
1300 1953 1432 2034 propius

312 2049 412 2118 fuisse
434 2072 530 2133 quem
553 2053 721 2120 emittendi
744 2060 831 2136 puto.
1154 2123 1156 2128 .

401 2161 462 2242 VI,
488 2165 529 2228 27
553 2161 586 2227 A
606 2161 773 2228 librarium
790 2161 960 2228 aruiculum
977 2166 1052 2228 ente
1069 2161 1147 2224 αἰτία
1163 2183 1273 2230 errore
1288 2166 1433 2232 omisisse

312 2284 420 2333 omues
444 2268 658 2334 consentiunt.

399 2375 477 2457 Lyc.
501 2372 521 2460 ξ
547 2381 606 2441 111
634 2374 787 2446 τοιούτους
810 2375 879 2440 sine
902 2382 962 2440 art.
986 2377 1028 2455 N,
1053 2371 1127 2447 τούς
1150 2375 1305 2450 τοιούτους
1328 2381 1371 2444 Α.

215 2514 218 2523 s
398 2483 477 2565 Lyc.
501 2481 520 2568 ξ
546 2487 608 2548 114
633 2482 813 2544 τὰτοιαῦτα
836 2484 878 2566 N,
903 2485 1023 2543 τοιαῦτα
1048 2481 1088 2546 A.

350 2571 356 2583 ⁴
398 2593 546 2670 Utroque
583 2590 657 2656 loeo¹
690 2589 846 2656 articulus
884 2589 1104 2655 restituendus
1143 2594 1203 2656 est.
1259 2591 1298 2656 ei.
1338 2593 1428 2659 Oehn

308 2695 328 2760 l.
353 2715 377 2762 α.
400 2716 431 2779 p.
455 2701 495 2763 61
521 2703 555 2764 et
577 2697 655 2779 Lyc.
679 2695 697 2777 ᾖ
722 2702 740 2762 0
766 2692 835 2782 ὑπὲρ
860 2694 1091 2779 τῶντοιούτων,
1117 2693 1136 2781 ξ
1162 2701 1224 2763 110
1250 2697 1427 2757 τὰτοιαῦτα

309 2807 368 2863 τῶν
393 2802 494 2889 ἔργων,
519 2799 538 2888 ξ
563 2807 626 2870 126
651 2799 724 2875 τούς
748 2802 910 2878 τοιούτους,
934 2800 954 2888 ξ
980 2807 1041 2869 138
1067 2801 1092 2863 οἱ
1115 2807 1248 2863 τοιοῦτοι.

397 2911 548 2991 Peccata,
574 2927 657 2991 quae
671 2915 808 2992 uterque
821 2909 974 2976 librarius
997 2910 1031 2974 in
1048 2908 1205 2974 Dinarchi
1228 2908 1427 2976 orationibus

305 3020 365 3106 eut
396 3016 508 3082 addito
540 3021 597 3082 aut
629 3017 745 3084 omisso
777 3016 914 3082 articulo
947 3014 1117 3096 commisii,
1154 3032 1224 3080 eum
1259 3014 1426 3082 Thelheim

306 3119 340 3206 (l.
363 3122 383 3187 l.
406 3142 435 3206 p.
459 3127 479 3190 8
504 3121 605 3209 seqq.)
628 3126 708 3190 scite
730 3123 934 3204 tractaverit,
964 3139 1023 3204 ege
1047 3121 1127 3188 haee
1148 3121 1249 3188 mitto.
1292 3123 1332 3188 Id
1355 3129 1425 3187 tan-

306 3235 373 3296 tum
390 3248 637 3296 commemorare
651 3230 730 3296 mihi
743 3230 842 3296 liceat
857 3229 933 3294 Diu.
950 3229 996 3309 ΙΙ,
1014 3233 1056 3294 22
1082 3226 1137 3311 (μὴ
1162 3227 1215 3314 γάρ
1240 3227 1330 3298 ἰδίους
1353 3223 1426 3298 τοὺς

306 3337 426 3419 uiperae
453 3335 579 3409 τούτους
610 3335 780 3420 ὑπολάβητε
810 3335 881 3397 εἶναι
908 3337 950 3417 Ν,
981 3331 1054 3407 τούς
1083 3355 1141 3402 om.
1165 3333 1212 3416 A)
1242 3333 1427 3416 Orippsiani

304 3444 473 3511 lectionem
515 3443 699 3511 inferiorem
742 3444 819 3510 mihi
856 3437 997 3527 videri.²)
1058 3441 1111 3525 (ei.
1147 3441 1275 3522 Lange:
1323 3440 1425 3508 diurn.
1559 3505 1560 3508 ,

306 3569 414 3652 gymn.
444 3552 609 3620 XXXXI
633 3571 660 3618 α
686 3556 781 3618 1887.
804 3571 833 3634 p.
859 3548 945 3632 130.)
991 3552 1171 3616 Praeterea
1198 3548 1280 3614 addo
1304 3551 1331 3630 Ι,
1362 3553 1422 3615 101

305 3659 381 3742 (τῆς
411 3657 441 3720 ἐν
473 3657 516 3743 τῷ
549 3658 711 3745 πρυτανείῳ
744 3660 893 3741 σιτήσεως
920 3658 967 3739 Ν,
1001 3653 1046 3742 τῷ
1076 3656 1107 3723 A
1136 3653 1208 3741 om.)
1241 3655 1426 3738 Orippsiani

303 3767 470 3832 lectionem
486 3767 584 3833 etiem
600 3766 766 3834 titulorum
786 3781 898 3832 usomu
914 3762 1072 3846 rproberi,
1097 3763 1130 3829 in
1149 3762 1265 3844 quibus
1287 3762 1435 3860 nominum

304 3891 386 3955 quae
413 3874 516 3940 locum
549 3872 748 3957 significent,
782 3873 919 3939 articulo
953 3875 1074 3936 carent.
1124 3868 1177 3955 (ef.
1208 3869 1430 3936 Meisterhans
1557 3949 1558 3952 Ἴ

302 3980 322 4046 l.
346 3999 373 4046 υ.
396 3999 426 4064 p.
451 3978 515 4062 90.)

392 4087 445 4156 Ae
473 4089 513 4154 de
541 4087 677 4154 articulo
701 4087 828 4170 quidem
851 4086 932 4151 haer
954 4085 1119 4152 haetenus.
1164 4083 1204 4150 Id
1227 4085 1350 4150 ceruum
1374 4090 1425 4148 est
1556 4161 1557 4170 ¹

302 4213 405 4276 neque
428 4194 461 4260 A
484 4213 587 4276 neque
610 4195 644 4262 N
665 4193 833 4262 librarium
856 4193 951 4275 eulpa
974 4209 1102 4259 vacere.
1146 4189 1260 4269 Neque
1283 4189 1367 4270 quod
1390 4190 1433 4288 N.

374 4424 395 4492 1)
414 4428 489 4482 Idem
509 4427 595 4482 sentit
612 4426 716 4480 Kohm:
734 4425 751 4478 1.
771 4441 793 4478 υ.
813 4442 838 4492 p.
858 4425 903 4479 30.
