<?xml version="1.0" encoding="UTF-8"?>
<!DOCTYPE html PUBLIC "-//W3C//DTD XHTML 1.0 Transitional//EN"
    "http://www.w3.org/TR/xhtml1/DTD/xhtml1-transitional.dtd">
<html xmlns="http://www.w3.org/1999/xhtml" xml:lang="en" lang="en">
 <head>
  <title>
</title>
<meta http-equiv="Content-Type" content="text/html;charset=utf-8" />
  <meta name='ocr-system' content='tesseract 3.04.00' />
  <meta name='ocr-capabilities' content='ocr_page ocr_carea ocr_par ocr_line ocrx_word'/>
</head>
<body>
  <div class='ocr_page' id='page_1' title='image "./decrippsianoeto00biengoog_0038.png"; bbox 0 0 3168 4976; ppageno 0'>
   <div class='ocr_carea' id='block_1_1' title="bbox 708 339 749 400">
    <p class='ocr_par' dir='ltr' id='par_1_1' title="bbox 708 339 749 400">
     <span class='ocr_line' id='line_1_1' title="bbox 708 339 749 400; baseline 0 0"><span class='ocrx_word' id='word_1_1' title='bbox 708 339 749 400; x_wconf 84' lang='lat'>33</span> 
     </span>
    </p>
   </div>
   <div class='ocr_carea' id='block_1_2' title="bbox 619 423 833 432">
    <p class='ocr_par' dir='ltr' id='par_1_2' title="bbox 619 423 833 432">
     <span class='ocr_line' id='line_1_2' title="bbox 619 423 833 432; baseline 0.005 -1"><span class='ocrx_word' id='word_1_2' title='bbox 619 423 833 432; x_wconf 76' lang='lat' dir='ltr'>—n———-</span> 
     </span>
    </p>
   </div>
   <div class='ocr_carea' id='block_1_3' title="bbox 124 544 1344 3835">
    <p class='ocr_par' dir='ltr' id='par_1_3' title="bbox 160 544 1344 2656">
     <span class='ocr_line' id='line_1_3' title="bbox 253 544 1287 637; baseline -0.005 -20"><span class='ocrx_word' id='word_1_3' title='bbox 253 551 337 617; x_wconf 85' lang='lat' dir='ltr'>Ant.</span> <span class='ocrx_word' id='word_1_4' title='bbox 352 550 400 628; x_wconf 90' lang='lat' dir='ltr'>H,</span> <span class='ocrx_word' id='word_1_5' title='bbox 420 567 446 627; x_wconf 75' lang='grc' dir='ltr'>γ,</span> <span class='ocrx_word' id='word_1_6' title='bbox 472 551 506 610; x_wconf 84' lang='grc'>2;</span> <span class='ocrx_word' id='word_1_7' title='bbox 531 545 557 606; x_wconf 85' lang='grc' dir='ltr'>οἱ</span> <span class='ocrx_word' id='word_1_8' title='bbox 580 544 776 632; x_wconf 79' lang='grc' dir='ltr'><strong>ἐντυχόντες.</strong></span> <span class='ocrx_word' id='word_1_9' title='bbox 795 593 802 607; x_wconf 92' lang='grc'><strong>.</strong></span> <span class='ocrx_word' id='word_1_10' title='bbox 821 594 828 608; x_wconf 94' lang='grc'><strong><em>.</em></strong></span> <span class='ocrx_word' id='word_1_11' title='bbox 847 595 853 607; x_wconf 94' lang='grc'><strong>.</strong></span> <span class='ocrx_word' id='word_1_12' title='bbox 871 545 1010 630; x_wconf 79' lang='grc' dir='ltr'><strong>ἤγγειλαν</strong></span> <span class='ocrx_word' id='word_1_13' title='bbox 1026 549 1061 608; x_wconf 86' lang='grc' dir='ltr'><strong>ᾶν</strong></span> <span class='ocrx_word' id='word_1_14' title='bbox 1077 549 1147 632; x_wconf 86' lang='grc' dir='ltr'><strong>ἡμῖν</strong></span> <span class='ocrx_word' id='word_1_15' title='bbox 1162 549 1209 610; x_wconf 85' lang='grc' dir='ltr'><strong>καὶ</strong></span> <span class='ocrx_word' id='word_1_16' title='bbox 1232 551 1287 637; x_wconf 79' lang='grc' dir='ltr'>οὐχ</span> 
     </span>
     <span class='ocr_line' id='line_1_4' title="bbox 162 651 1287 738; baseline 0.003 -18"><span class='ocrx_word' id='word_1_17' title='bbox 162 659 252 724; x_wconf 75' lang='grc' dir='ltr'><strong>οὗτος</strong></span> <span class='ocrx_word' id='word_1_18' title='bbox 276 657 312 715; x_wconf 82' lang='grc' dir='ltr'><strong>ἄν</strong></span> <span class='ocrx_word' id='word_1_19' title='bbox 335 652 390 736; x_wconf 80' lang='grc' dir='ltr'>τὴν</span> <span class='ocrx_word' id='word_1_20' title='bbox 412 652 506 712; x_wconf 81' lang='grc' dir='ltr'><strong>αἰτίαν</strong></span> <span class='ocrx_word' id='word_1_21' title='bbox 529 652 590 738; x_wconf 80' lang='grc' dir='ltr'>εἶχε</span> <span class='ocrx_word' id='word_1_22' title='bbox 605 651 674 735; x_wconf 90' lang='lat' dir='ltr'>(N).</span> <span class='ocrx_word' id='word_1_23' title='bbox 713 655 900 720; x_wconf 80' lang='lat' dir='ltr'>Aalierum</span> <span class='ocrx_word' id='word_1_24' title='bbox 921 655 955 714; x_wconf 83' lang='grc' dir='ltr'><strong>ἂν</strong></span> <span class='ocrx_word' id='word_1_25' title='bbox 975 655 1091 722; x_wconf 61' lang='lat' dir='ltr'>omisit</span> <span class='ocrx_word' id='word_1_26' title='bbox 1125 656 1287 723; x_wconf 84' lang='lat' dir='ltr'><strong>Nimirum</strong></span> 
     </span>
     <span class='ocr_line' id='line_1_5' title="bbox 162 760 1286 844; baseline -0.003 -11"><span class='ocrx_word' id='word_1_27' title='bbox 162 762 363 834; x_wconf 78' lang='lat' dir='ltr'>Graffirnder</span> <span class='ocrx_word' id='word_1_28' title='bbox 377 765 489 825; x_wconf 90' lang='lat' dir='ltr'>censet</span> <span class='ocrx_word' id='word_1_29' title='bbox 503 761 536 826; x_wconf 87' lang='lat' dir='ltr'>N</span> <span class='ocrx_word' id='word_1_30' title='bbox 550 760 718 826; x_wconf 85' lang='lat' dir='ltr'>hbrarium</span> <span class='ocrx_word' id='word_1_31' title='bbox 732 761 860 826; x_wconf 89' lang='lat' dir='ltr'>libidini</span> <span class='ocrx_word' id='word_1_32' title='bbox 878 761 1060 828; x_wconf 85' lang='lat' dir='ltr'>indulsisse.</span> <span class='ocrx_word' id='word_1_33' title='bbox 1095 762 1160 829; x_wconf 87' lang='lat' dir='ltr'>Sed</span> <span class='ocrx_word' id='word_1_34' title='bbox 1176 783 1286 844; x_wconf 88' lang='lat' dir='ltr'>qnam·</span> 
     </span>
     <span class='ocr_line' id='line_1_6' title="bbox 166 867 1344 954; baseline -0.002 -16"><span class='ocrx_word' id='word_1_35' title='bbox 166 889 261 954; x_wconf 91' lang='lat' dir='ltr'>quam</span> <span class='ocrx_word' id='word_1_36' title='bbox 275 869 325 933; x_wconf 79' lang='lat' dir='ltr'>nis</span> <span class='ocrx_word' id='word_1_37' title='bbox 340 868 522 948; x_wconf 77' lang='lat' dir='ltr'>particulae</span> <span class='ocrx_word' id='word_1_38' title='bbox 537 867 573 926; x_wconf 81' lang='grc' dir='ltr'><strong>ἂν</strong></span> <span class='ocrx_word' id='word_1_39' title='bbox 589 886 610 931; x_wconf 91' lang='lat' dir='ltr'>a</span> <span class='ocrx_word' id='word_1_40' title='bbox 624 869 734 949; x_wconf 87' lang='lat' dir='ltr'>priore</span> <span class='ocrx_word' id='word_1_41' title='bbox 748 871 891 934; x_wconf 88' lang='lat' dir='ltr'>membro</span> <span class='ocrx_word' id='word_1_42' title='bbox 906 869 949 934; x_wconf 88' lang='lat' dir='ltr'>ad</span> <span class='ocrx_word' id='word_1_43' title='bbox 970 871 1132 950; x_wconf 83' lang='lat' dir='ltr'>posterius</span> <span class='ocrx_word' id='word_1_44' title='bbox 1156 867 1287 938; x_wconf 88' lang='lat' dir='ltr'>deflecti</span> <span class='ocrx_word' id='word_1_45' title='bbox 1340 931 1344 936; x_wconf 84' lang='grc'><strong>,</strong></span> 
     </span>
     <span class='ocr_line' id='line_1_7' title="bbox 161 970 1287 1061; baseline 0.001 -18"><span class='ocrx_word' id='word_1_46' title='bbox 161 970 312 1061; x_wconf 83' lang='lat' dir='ltr'>potest,1)</span> <span class='ocrx_word' id='word_1_47' title='bbox 328 974 415 1055; x_wconf 87' lang='lat' dir='ltr'>quod</span> <span class='ocrx_word' id='word_1_48' title='bbox 427 993 529 1055; x_wconf 82' lang='lat' dir='ltr'>genus</span> <span class='ocrx_word' id='word_1_49' title='bbox 541 975 670 1040; x_wconf 90' lang='lat' dir='ltr'>dicendi</span> <span class='ocrx_word' id='word_1_50' title='bbox 680 975 713 1040; x_wconf 93' lang='lat' dir='ltr'>in</span> <span class='ocrx_word' id='word_1_51' title='bbox 725 975 833 1041; x_wconf 81' lang='lat' dir='ltr'>triviis</span> <span class='ocrx_word' id='word_1_52' title='bbox 845 975 1053 1041; x_wconf 85' lang='lat' dir='ltr'>decantatum</span> <span class='ocrx_word' id='word_1_53' title='bbox 1065 976 1144 1042; x_wconf 88' lang='lat' dir='ltr'>dicit</span> <span class='ocrx_word' id='word_1_54' title='bbox 1152 977 1287 1044; x_wconf 79' lang='lat' dir='ltr'>Franks</span> 
     </span>
     <span class='ocr_line' id='line_1_8' title="bbox 160 1080 1286 1168; baseline 0.001 -19"><span class='ocrx_word' id='word_1_55' title='bbox 160 1082 238 1168; x_wconf 88' lang='lat' dir='ltr'>(act.</span> <span class='ocrx_word' id='word_1_56' title='bbox 267 1101 331 1148; x_wconf 87' lang='lat' dir='ltr'>soc.</span> <span class='ocrx_word' id='word_1_57' title='bbox 360 1081 477 1148; x_wconf 83' lang='lat' dir='ltr'>Graec.</span> <span class='ocrx_word' id='word_1_58' title='bbox 499 1081 548 1163; x_wconf 86' lang='grc' dir='ltr'>Π,</span> <span class='ocrx_word' id='word_1_59' title='bbox 573 1081 640 1162; x_wconf 83' lang='grc'>35),</span> <span class='ocrx_word' id='word_1_60' title='bbox 671 1080 864 1161; x_wconf 81' lang='lat' dir='ltr'>particulam</span> <span class='ocrx_word' id='word_1_61' title='bbox 895 1086 1045 1162; x_wconf 89' lang='lat' dir='ltr'>repetere</span> <span class='ocrx_word' id='word_1_62' title='bbox 1071 1081 1286 1165; x_wconf 82' lang='lat' dir='ltr'>Antiphontis</span> 
     </span>
     <span class='ocr_line' id='line_1_9' title="bbox 160 1186 1286 1268; baseline -0.005 -12"><span class='ocrx_word' id='word_1_63' title='bbox 160 1188 389 1256; x_wconf 88' lang='lat' dir='ltr'>consuetudini</span> <span class='ocrx_word' id='word_1_64' title='bbox 415 1187 521 1268; x_wconf 85' lang='lat' dir='ltr'>magis</span> <span class='ocrx_word' id='word_1_65' title='bbox 548 1187 712 1266; x_wconf 86' lang='lat' dir='ltr'>convenit,</span> <span class='ocrx_word' id='word_1_66' title='bbox 741 1193 778 1252; x_wconf 92' lang='lat' dir='ltr'>ut</span> <span class='ocrx_word' id='word_1_67' title='bbox 803 1186 941 1268; x_wconf 86' lang='lat' dir='ltr'>legimus</span> <span class='ocrx_word' id='word_1_68' title='bbox 963 1189 992 1268; x_wconf 92' lang='lat' dir='ltr'>I,</span> <span class='ocrx_word' id='word_1_69' title='bbox 1017 1193 1037 1254; x_wconf 78' lang='grc'><strong>7</strong></span> <span class='ocrx_word' id='word_1_70' title='bbox 1066 1187 1153 1256; x_wconf 61' lang='lat' dir='ltr'>citor</span> <span class='ocrx_word' id='word_1_71' title='bbox 1170 1235 1177 1250; x_wconf 91' lang='lat'><strong>.</strong></span> <span class='ocrx_word' id='word_1_72' title='bbox 1196 1237 1203 1250; x_wconf 90' lang='lat'>.</span> <span class='ocrx_word' id='word_1_73' title='bbox 1222 1237 1229 1251; x_wconf 90' lang='lat'>.</span> <span class='ocrx_word' id='word_1_74' title='bbox 1251 1193 1286 1250; x_wconf 84' lang='grc' dir='ltr'><strong>ᾱν</strong></span> 
     </span>
     <span class='ocr_line' id='line_1_10' title="bbox 161 1291 1285 1378; baseline -0.003 -21"><span class='ocrx_word' id='word_1_75' title='bbox 161 1296 335 1378; x_wconf 86' lang='grc' dir='ltr'><strong>ἀπελογεῖτο</strong></span> <span class='ocrx_word' id='word_1_76' title='bbox 364 1293 412 1354; x_wconf 82' lang='grc' dir='ltr'><strong>καὶ</strong></span> <span class='ocrx_word' id='word_1_77' title='bbox 440 1293 614 1354; x_wconf 82' lang='grc' dir='ltr'><strong>ἀντέσπεοδε</strong></span> <span class='ocrx_word' id='word_1_78' title='bbox 630 1343 638 1358; x_wconf 92' lang='grc'><strong>.</strong></span> <span class='ocrx_word' id='word_1_79' title='bbox 655 1339 662 1354; x_wconf 90' lang='grc'><strong>.</strong></span> <span class='ocrx_word' id='word_1_80' title='bbox 679 1291 726 1353; x_wconf 78' lang='grc' dir='ltr'><strong>καὶ</strong></span> <span class='ocrx_word' id='word_1_81' title='bbox 748 1293 768 1375; x_wconf 84' lang='grc' dir='ltr'>ἡ</span> <span class='ocrx_word' id='word_1_82' title='bbox 793 1294 894 1378; x_wconf 83' lang='grc' dir='ltr'><strong>μητηρ</strong></span> <span class='ocrx_word' id='word_1_83' title='bbox 917 1291 1006 1353; x_wconf 81' lang='grc' dir='ltr'><strong>αὐτοῦ</strong></span> <span class='ocrx_word' id='word_1_84' title='bbox 1035 1294 1211 1376; x_wconf 78' lang='grc' dir='ltr'><strong>ἀπήλλακτο</strong></span> <span class='ocrx_word' id='word_1_85' title='bbox 1240 1298 1285 1372; x_wconf 82' lang='grc' dir='ltr'><strong>ἂν,</strong></span> 
     </span>
     <span class='ocr_line' id='line_1_11' title="bbox 161 1397 1287 1485; baseline 0.004 -25"><span class='ocrx_word' id='word_1_86' title='bbox 161 1405 209 1482; x_wconf 86' lang='lat' dir='ltr'>II,</span> <span class='ocrx_word' id='word_1_87' title='bbox 227 1423 255 1483; x_wconf 74' lang='grc' dir='ltr'>γ,</span> <span class='ocrx_word' id='word_1_88' title='bbox 271 1407 291 1466; x_wconf 85' lang='grc'>2</span> <span class='ocrx_word' id='word_1_89' title='bbox 312 1399 347 1461; x_wconf 89' lang='grc' dir='ltr'><strong>τό</strong></span> <span class='ocrx_word' id='word_1_90' title='bbox 363 1399 553 1484; x_wconf 89' lang='grc' dir='ltr'><strong>κακούργημα</strong></span> <span class='ocrx_word' id='word_1_91' title='bbox 569 1401 604 1458; x_wconf 81' lang='lat' dir='ltr'>do</span> <span class='ocrx_word' id='word_1_92' title='bbox 620 1398 797 1484; x_wconf 81' lang='grc' dir='ltr'><strong>ἐκηρύσσετο</strong></span> <span class='ocrx_word' id='word_1_93' title='bbox 813 1397 860 1459; x_wconf 86' lang='grc' dir='ltr'><strong>καὶ</strong></span> <span class='ocrx_word' id='word_1_94' title='bbox 876 1399 917 1466; x_wconf 82' lang='grc' dir='ltr'>εἰς</span> <span class='ocrx_word' id='word_1_95' title='bbox 937 1399 1060 1468; x_wconf 76' lang='grc' dir='ltr'><strong>τούτους</strong></span> <span class='ocrx_word' id='word_1_96' title='bbox 1085 1403 1120 1460; x_wconf 88' lang='grc' dir='ltr'><strong>άν</strong></span> <span class='ocrx_word' id='word_1_97' title='bbox 1143 1403 1163 1485; x_wconf 78' lang='grc' dir='ltr'>ἡ</span> <span class='ocrx_word' id='word_1_98' title='bbox 1180 1400 1287 1484; x_wconf 81' lang='grc' dir='ltr'><strong>ὑποψία</strong></span> 
     </span>
     <span class='ocr_line' id='line_1_12' title="bbox 162 1503 1285 1592; baseline 0.001 -25"><span class='ocrx_word' id='word_1_99' title='bbox 162 1511 244 1590; x_wconf 79' lang='grc' dir='ltr'><strong>ἧκεν,</strong></span> <span class='ocrx_word' id='word_1_100' title='bbox 269 1508 310 1588; x_wconf 78' lang='lat' dir='ltr'>V,</span> <span class='ocrx_word' id='word_1_101' title='bbox 330 1512 371 1572; x_wconf 90' lang='lat'>13</span> <span class='ocrx_word' id='word_1_102' title='bbox 396 1504 439 1573; x_wconf 82' lang='grc' dir='ltr'>ὡς</span> <span class='ocrx_word' id='word_1_103' title='bbox 462 1505 514 1565; x_wconf 87' lang='grc' dir='ltr'>ούκ</span> <span class='ocrx_word' id='word_1_104' title='bbox 536 1507 571 1565; x_wconf 84' lang='grc' dir='ltr'><strong>ἂν</strong></span> <span class='ocrx_word' id='word_1_105' title='bbox 594 1507 760 1590; x_wconf 81' lang='grc' dir='ltr'><strong>παρέμεινα,</strong></span> <span class='ocrx_word' id='word_1_106' title='bbox 786 1505 811 1566; x_wconf 83' lang='grc' dir='ltr'>εἰ</span> <span class='ocrx_word' id='word_1_107' title='bbox 830 1504 989 1588; x_wconf 81' lang='grc' dir='ltr'><strong>ἐλελύμην,</strong></span> <span class='ocrx_word' id='word_1_108' title='bbox 1014 1507 1082 1568; x_wconf 86' lang='grc' dir='ltr'><strong>ἀλλ’</strong></span> <span class='ocrx_word' id='word_1_109' title='bbox 1101 1503 1227 1592; x_wconf 74' lang='grc' dir='ltr'><strong>ᾠχόμην</strong></span> <span class='ocrx_word' id='word_1_110' title='bbox 1250 1511 1285 1569; x_wconf 83' lang='grc' dir='ltr'><strong>ἂν</strong></span> 
     </span>
     <span class='ocr_line' id='line_1_13' title="bbox 164 1612 1285 1699; baseline 0.006 -23"><span class='ocrx_word' id='word_1_111' title='bbox 164 1616 263 1680; x_wconf 81' lang='grc' dir='ltr'><strong>ἀπιών.</strong></span> <span class='ocrx_word' id='word_1_112' title='bbox 296 1613 406 1699; x_wconf 79' lang='lat' dir='ltr'>Quid?</span> <span class='ocrx_word' id='word_1_113' title='bbox 429 1613 602 1680; x_wconf 88' lang='lat' dir='ltr'>Nonnullis</span> <span class='ocrx_word' id='word_1_114' title='bbox 613 1612 692 1676; x_wconf 91' lang='lat' dir='ltr'>locis</span> <span class='ocrx_word' id='word_1_115' title='bbox 705 1613 802 1677; x_wconf 90' lang='lat' dir='ltr'>etiam</span> <span class='ocrx_word' id='word_1_116' title='bbox 819 1613 861 1678; x_wconf 90' lang='lat' dir='ltr'>ad</span> <span class='ocrx_word' id='word_1_117' title='bbox 877 1631 973 1678; x_wconf 91' lang='lat' dir='ltr'>unum</span> <span class='ocrx_word' id='word_1_118' title='bbox 984 1617 1118 1680; x_wconf 88' lang='lat' dir='ltr'>verbum</span> <span class='ocrx_word' id='word_1_119' title='bbox 1135 1616 1285 1683; x_wconf 92' lang='lat' dir='ltr'>definien-</span> 
     </span>
     <span class='ocr_line' id='line_1_14' title="bbox 162 1719 1285 1806; baseline -0.008 -18"><span class='ocrx_word' id='word_1_120' title='bbox 162 1723 237 1789; x_wconf 91' lang='lat' dir='ltr'>dum</span> <span class='ocrx_word' id='word_1_121' title='bbox 252 1722 304 1788; x_wconf 89' lang='lat' dir='ltr'>bis</span> <span class='ocrx_word' id='word_1_122' title='bbox 323 1721 486 1803; x_wconf 88' lang='lat' dir='ltr'>particula</span> <span class='ocrx_word' id='word_1_123' title='bbox 507 1721 542 1778; x_wconf 87' lang='grc' dir='ltr'><strong>ἂν</strong></span> <span class='ocrx_word' id='word_1_124' title='bbox 564 1720 672 1800; x_wconf 87' lang='lat' dir='ltr'>posita</span> <span class='ocrx_word' id='word_1_125' title='bbox 694 1725 754 1799; x_wconf 85' lang='lat' dir='ltr'>est,</span> <span class='ocrx_word' id='word_1_126' title='bbox 778 1724 816 1784; x_wconf 95' lang='lat' dir='ltr'>ut</span> <span class='ocrx_word' id='word_1_127' title='bbox 837 1721 899 1801; x_wconf 83' lang='lat' dir='ltr'>iv,</span> <span class='ocrx_word' id='word_1_128' title='bbox 925 1741 950 1800; x_wconf 91' lang='grc' dir='ltr'>γ,</span> <span class='ocrx_word' id='word_1_129' title='bbox 977 1726 1010 1784; x_wconf 82' lang='lat'>5:</span> <span class='ocrx_word' id='word_1_130' title='bbox 1035 1719 1082 1780; x_wconf 86' lang='grc' dir='ltr'><strong>καὶ</strong></span> <span class='ocrx_word' id='word_1_131' title='bbox 1105 1721 1159 1806; x_wconf 84' lang='grc' dir='ltr'>γάρ</span> <span class='ocrx_word' id='word_1_132' title='bbox 1184 1724 1218 1782; x_wconf 78' lang='grc' dir='ltr'><strong>ἂν</strong></span> <span class='ocrx_word' id='word_1_133' title='bbox 1232 1770 1239 1784; x_wconf 92' lang='grc'><strong>.</strong></span> <span class='ocrx_word' id='word_1_134' title='bbox 1255 1770 1285 1785; x_wconf 86' lang='grc'>..</span> 
     </span>
     <span class='ocr_line' id='line_1_15' title="bbox 163 1823 1282 1914; baseline 0.005 -24"><span class='ocrx_word' id='word_1_135' title='bbox 163 1833 198 1890; x_wconf 82' lang='grc' dir='ltr'><strong>ἂν</strong></span> <span class='ocrx_word' id='word_1_136' title='bbox 220 1829 279 1914; x_wconf 82' lang='grc' dir='ltr'>ἔφη</span> <span class='ocrx_word' id='word_1_137' title='bbox 303 1829 477 1908; x_wconf 88' lang='lat' dir='ltr'>eodemque</span> <span class='ocrx_word' id='word_1_138' title='bbox 498 1825 569 1891; x_wconf 91' lang='lat' dir='ltr'>loco</span> <span class='ocrx_word' id='word_1_139' title='bbox 591 1830 654 1892; x_wconf 78' lang='grc' dir='ltr'>πῶς</span> <span class='ocrx_word' id='word_1_140' title='bbox 678 1827 713 1885; x_wconf 85' lang='grc' dir='ltr'><strong>ἂν</strong></span> <span class='ocrx_word' id='word_1_141' title='bbox 732 1824 846 1892; x_wconf 74' lang='grc' dir='ltr'><strong>ἄλλος.</strong></span> <span class='ocrx_word' id='word_1_142' title='bbox 868 1823 1024 1909; x_wconf 78' lang='grc' dir='ltr'><strong>..φονεύς</strong></span> <span class='ocrx_word' id='word_1_143' title='bbox 1047 1826 1092 1909; x_wconf 81' lang='grc' dir='ltr'>εἴη</span> <span class='ocrx_word' id='word_1_144' title='bbox 1109 1829 1158 1908; x_wconf 84' lang='grc' dir='ltr'><strong>ἄν;</strong></span> <span class='ocrx_word' id='word_1_145' title='bbox 1182 1827 1224 1911; x_wconf 88' lang='lat' dir='ltr'>V,</span> <span class='ocrx_word' id='word_1_146' title='bbox 1243 1836 1282 1897; x_wconf 92' lang='lat'>11</span> 
     </span>
     <span class='ocr_line' id='line_1_16' title="bbox 165 1931 1286 2019; baseline -0.002 -24"><span class='ocrx_word' id='word_1_147' title='bbox 165 1931 224 1995; x_wconf 71' lang='grc' dir='ltr'><strong>οὔτ’</strong></span> <span class='ocrx_word' id='word_1_148' title='bbox 247 1936 282 1994; x_wconf 89' lang='grc' dir='ltr'><strong>άν</strong></span> <span class='ocrx_word' id='word_1_149' title='bbox 302 1933 400 1995; x_wconf 91' lang='grc' dir='ltr'><strong>πολλά</strong></span> <span class='ocrx_word' id='word_1_150' title='bbox 423 1931 521 2015; x_wconf 75' lang='grc' dir='ltr'><strong>ἀγαθά</strong></span> <span class='ocrx_word' id='word_1_151' title='bbox 544 1931 731 2017; x_wconf 67' lang='grc' dir='ltr'><strong>εἰργασμένος</strong></span> <span class='ocrx_word' id='word_1_152' title='bbox 757 1931 876 2004; x_wconf 75' lang='grc' dir='ltr'><strong>τούτοις</strong></span> <span class='ocrx_word' id='word_1_153' title='bbox 899 1933 933 1992; x_wconf 88' lang='grc' dir='ltr'><strong>ἂν</strong></span> <span class='ocrx_word' id='word_1_154' title='bbox 959 1931 1128 2016; x_wconf 75' lang='grc' dir='ltr'><strong>ἐσῳζόμην.</strong></span> <span class='ocrx_word' id='word_1_155' title='bbox 1167 1938 1286 2019; x_wconf 76' lang='lat' dir='ltr'>Itaque</span> 
     </span>
     <span class='ocr_line' id='line_1_17' title="bbox 165 2038 1286 2125; baseline 0.004 -19"><span class='ocrx_word' id='word_1_156' title='bbox 165 2040 311 2122; x_wconf 87' lang='lat' dir='ltr'>suspicor</span> <span class='ocrx_word' id='word_1_157' title='bbox 333 2041 367 2106; x_wconf 88' lang='lat' dir='ltr'>A</span> <span class='ocrx_word' id='word_1_158' title='bbox 395 2040 494 2107; x_wconf 88' lang='lat' dir='ltr'>etiam</span> <span class='ocrx_word' id='word_1_159' title='bbox 516 2040 597 2104; x_wconf 91' lang='lat' dir='ltr'>Ant.</span> <span class='ocrx_word' id='word_1_160' title='bbox 620 2041 682 2119; x_wconf 84' lang='lat' dir='ltr'>IV,</span> <span class='ocrx_word' id='word_1_161' title='bbox 706 2038 732 2122; x_wconf 85' lang='grc' dir='ltr'>δ,</span> <span class='ocrx_word' id='word_1_162' title='bbox 758 2044 797 2106; x_wconf 91' lang='grc'>11</span> <span class='ocrx_word' id='word_1_163' title='bbox 827 2041 918 2122; x_wconf 88' lang='lat' dir='ltr'>prius</span> <span class='ocrx_word' id='word_1_164' title='bbox 947 2040 981 2099; x_wconf 83' lang='grc' dir='ltr'><strong>ἂν</strong></span> <span class='ocrx_word' id='word_1_165' title='bbox 1008 2041 1201 2125; x_wconf 81' lang='lat' dir='ltr'>neglexisse,</span> <span class='ocrx_word' id='word_1_166' title='bbox 1230 2045 1286 2110; x_wconf 91' lang='lat' dir='ltr'>ubi</span> 
     </span>
     <span class='ocr_line' id='line_1_18' title="bbox 164 2130 1284 2234; baseline -0.003 -20"><span class='ocrx_word' id='word_1_167' title='bbox 164 2148 201 2214; x_wconf 86' lang='lat' dir='ltr'>N</span> <span class='ocrx_word' id='word_1_168' title='bbox 223 2148 365 2213; x_wconf 79' lang='lat' dir='ltr'>exhibet:</span> <span class='ocrx_word' id='word_1_169' title='bbox 395 2144 473 2207; x_wconf 79' lang='grc' dir='ltr'><strong>οὕτω</strong></span> <span class='ocrx_word' id='word_1_170' title='bbox 501 2141 555 2230; x_wconf 79' lang='grc' dir='ltr'>γάρ</span> <span class='ocrx_word' id='word_1_171' title='bbox 584 2130 808 2206; x_wconf 85' lang='grc' dir='ltr'><strong>άνδικαιότατα</strong></span> <span class='ocrx_word' id='word_1_172' title='bbox 835 2145 882 2207; x_wconf 84' lang='grc' dir='ltr'><strong>καὶ</strong></span> <span class='ocrx_word' id='word_1_173' title='bbox 903 2146 1048 2208; x_wconf 79' lang='grc' dir='ltr'><strong>ὁσιώτατα</strong></span> <span class='ocrx_word' id='word_1_174' title='bbox 1075 2145 1210 2234; x_wconf 72' lang='grc' dir='ltr'><strong>πράξαιτ’</strong></span> <span class='ocrx_word' id='word_1_175' title='bbox 1239 2153 1284 2212; x_wconf 88' lang='grc' dir='ltr'><strong>άν.</strong></span> 
     </span>
     <span class='ocr_line' id='line_1_19' title="bbox 163 2253 1286 2334; baseline 0.003 -13"><span class='ocrx_word' id='word_1_176' title='bbox 163 2256 246 2322; x_wconf 82' lang='grc' dir='ltr'><strong>Τοαι</strong></span> <span class='ocrx_word' id='word_1_177' title='bbox 278 2255 404 2319; x_wconf 90' lang='lat' dir='ltr'>minuta</span> <span class='ocrx_word' id='word_1_178' title='bbox 437 2259 546 2319; x_wconf 90' lang='lat' dir='ltr'>autem</span> <span class='ocrx_word' id='word_1_179' title='bbox 577 2253 737 2319; x_wconf 87' lang='lat' dir='ltr'>vocabula</span> <span class='ocrx_word' id='word_1_180' title='bbox 770 2271 868 2334; x_wconf 86' lang='lat' dir='ltr'>saepo</span> <span class='ocrx_word' id='word_1_181' title='bbox 901 2255 935 2319; x_wconf 92' lang='lat' dir='ltr'>in</span> <span class='ocrx_word' id='word_1_182' title='bbox 970 2255 1133 2322; x_wconf 80' lang='lat' dir='ltr'>codicibus</span> <span class='ocrx_word' id='word_1_183' title='bbox 1167 2258 1286 2325; x_wconf 88' lang='lat' dir='ltr'>omissa</span> 
     </span>
     <span class='ocr_line' id='line_1_20' title="bbox 161 2359 1285 2443; baseline 0.004 -17"><span class='ocrx_word' id='word_1_184' title='bbox 161 2365 222 2426; x_wconf 88' lang='lat' dir='ltr'>aut</span> <span class='ocrx_word' id='word_1_185' title='bbox 238 2361 353 2425; x_wconf 90' lang='lat' dir='ltr'>addita</span> <span class='ocrx_word' id='word_1_186' title='bbox 368 2379 439 2426; x_wconf 88' lang='lat' dir='ltr'>esse</span> <span class='ocrx_word' id='word_1_187' title='bbox 453 2378 545 2424; x_wconf 89' lang='lat' dir='ltr'>nemo</span> <span class='ocrx_word' id='word_1_188' title='bbox 561 2364 612 2424; x_wconf 88' lang='lat' dir='ltr'>est</span> <span class='ocrx_word' id='word_1_189' title='bbox 628 2359 704 2439; x_wconf 89' lang='lat' dir='ltr'>quin</span> <span class='ocrx_word' id='word_1_190' title='bbox 725 2359 904 2442; x_wconf 83' lang='lat' dir='ltr'>intellegat.</span> <span class='ocrx_word' id='word_1_191' title='bbox 938 2361 1024 2428; x_wconf 88' lang='lat' dir='ltr'>Nam</span> <span class='ocrx_word' id='word_1_192' title='bbox 1045 2381 1173 2443; x_wconf 84' lang='lat' dir='ltr'>„eorum</span> <span class='ocrx_word' id='word_1_193' title='bbox 1197 2364 1285 2430; x_wconf 90' lang='lat' dir='ltr'>salus</span> 
     </span>
     <span class='ocr_line' id='line_1_21' title="bbox 163 2463 1284 2548; baseline 0.004 -17"><span class='ocrx_word' id='word_1_194' title='bbox 163 2465 355 2546; x_wconf 86' lang='lat' dir='ltr'>saepissime</span> <span class='ocrx_word' id='word_1_195' title='bbox 379 2484 399 2530; x_wconf 85' lang='lat' dir='ltr'>a</span> <span class='ocrx_word' id='word_1_196' title='bbox 420 2465 509 2530; x_wconf 90' lang='lat' dir='ltr'>tenni</span> <span class='ocrx_word' id='word_1_197' title='bbox 530 2465 649 2532; x_wconf 89' lang='lat' dir='ltr'>lineola</span> <span class='ocrx_word' id='word_1_198' title='bbox 670 2463 861 2546; x_wconf 83' lang='lat' dir='ltr'>pendebat.“</span> <span class='ocrx_word' id='word_1_199' title='bbox 902 2463 945 2548; x_wconf 88' lang='lat' dir='ltr'>(v.</span> <span class='ocrx_word' id='word_1_200' title='bbox 966 2464 1083 2534; x_wconf 81' lang='lat' dir='ltr'>Cobet:</span> <span class='ocrx_word' id='word_1_201' title='bbox 1108 2465 1188 2536; x_wconf 87' lang='lat' dir='ltr'>Var.</span> <span class='ocrx_word' id='word_1_202' title='bbox 1211 2471 1284 2537; x_wconf 89' lang='lat' dir='ltr'>lect.</span> 
     </span>
     <span class='ocr_line' id='line_1_22' title="bbox 160 2570 406 2656; baseline -0.004 -17"><span class='ocrx_word' id='word_1_203' title='bbox 160 2591 194 2656; x_wconf 90' lang='lat' dir='ltr'>p.</span> <span class='ocrx_word' id='word_1_204' title='bbox 220 2577 294 2638; x_wconf 92' lang='lat'>100.</span> <span class='ocrx_word' id='word_1_205' title='bbox 319 2570 406 2655; x_wconf 81' lang='lat'><strong>633.)</strong></span> 
     </span>
    </p>

    <p class='ocr_par' dir='ltr' id='par_1_4' title="bbox 160 2679 1341 2975">
     <span class='ocr_line' id='line_1_23' title="bbox 253 2679 1284 2762; baseline 0.004 -16"><span class='ocrx_word' id='word_1_206' title='bbox 253 2679 411 2759; x_wconf 85' lang='lat' dir='ltr'>Reliquos</span> <span class='ocrx_word' id='word_1_207' title='bbox 437 2679 531 2760; x_wconf 90' lang='lat' dir='ltr'>locos,</span> <span class='ocrx_word' id='word_1_208' title='bbox 557 2679 735 2761; x_wconf 87' lang='lat' dir='ltr'>dequibus</span> <span class='ocrx_word' id='word_1_209' title='bbox 759 2679 984 2761; x_wconf 88' lang='lat' dir='ltr'>disputaturus</span> <span class='ocrx_word' id='word_1_210' title='bbox 1007 2699 1087 2762; x_wconf 87' lang='lat' dir='ltr'>sum,</span> <span class='ocrx_word' id='word_1_211' title='bbox 1112 2701 1149 2747; x_wconf 94' lang='lat' dir='ltr'>eo</span> <span class='ocrx_word' id='word_1_212' title='bbox 1172 2683 1284 2750; x_wconf 90' lang='lat' dir='ltr'>ordine</span> 
     </span>
     <span class='ocr_line' id='line_1_24' title="bbox 160 2786 1285 2870; baseline 0.005 -19"><span class='ocrx_word' id='word_1_213' title='bbox 160 2788 387 2869; x_wconf 81' lang='lat' dir='ltr'>pertractabo,</span> <span class='ocrx_word' id='word_1_214' title='bbox 421 2801 483 2866; x_wconf 87' lang='lat' dir='ltr'>quo</span> <span class='ocrx_word' id='word_1_215' title='bbox 515 2805 570 2852; x_wconf 91' lang='lat' dir='ltr'>eos</span> <span class='ocrx_word' id='word_1_216' title='bbox 602 2786 689 2868; x_wconf 92' lang='lat' dir='ltr'>apud</span> <span class='ocrx_word' id='word_1_217' title='bbox 721 2792 868 2852; x_wconf 90' lang='lat' dir='ltr'>oratores</span> <span class='ocrx_word' id='word_1_218' title='bbox 895 2788 1088 2870; x_wconf 87' lang='lat' dir='ltr'>invenimus,</span> <span class='ocrx_word' id='word_1_219' title='bbox 1121 2789 1170 2855; x_wconf 92' lang='lat' dir='ltr'>ita</span> <span class='ocrx_word' id='word_1_220' title='bbox 1199 2798 1285 2856; x_wconf 92' lang='lat' dir='ltr'>uta</span> 
     </span>
     <span class='ocr_line' id='line_1_25' title="bbox 164 2891 1341 2975; baseline 0.001 -17"><span class='ocrx_word' id='word_1_221' title='bbox 164 2891 269 2972; x_wconf 82' lang='lat' dir='ltr'>prima</span> <span class='ocrx_word' id='word_1_222' title='bbox 290 2891 505 2973; x_wconf 80' lang='lat' dir='ltr'>Antiphontis</span> <span class='ocrx_word' id='word_1_223' title='bbox 528 2895 675 2960; x_wconf 90' lang='lat' dir='ltr'>oratione</span> <span class='ocrx_word' id='word_1_224' title='bbox 697 2893 824 2960; x_wconf 88' lang='lat' dir='ltr'>initium</span> <span class='ocrx_word' id='word_1_225' title='bbox 848 2893 980 2975; x_wconf 88' lang='lat' dir='ltr'>capiam.</span> <span class='ocrx_word' id='word_1_226' title='bbox 1338 2941 1341 2948; x_wconf 49' lang='lat'>›</span> 
     </span>
    </p>

    <p class='ocr_par' dir='ltr' id='par_1_5' title="bbox 160 2996 1285 3620">
     <span class='ocr_line' id='line_1_26' title="bbox 255 2996 1285 3083; baseline 0 -19"><span class='ocrx_word' id='word_1_227' title='bbox 255 2997 335 3064; x_wconf 83' lang='lat' dir='ltr'>Ant</span> <span class='ocrx_word' id='word_1_228' title='bbox 350 2999 378 3081; x_wconf 83' lang='grc' dir='ltr'>Ι,</span> <span class='ocrx_word' id='word_1_229' title='bbox 403 3003 422 3065; x_wconf 86' lang='lat'><strong>3</strong></span> <span class='ocrx_word' id='word_1_230' title='bbox 439 2999 479 3083; x_wconf 80' lang='grc' dir='ltr'>μὴ</span> <span class='ocrx_word' id='word_1_231' title='bbox 497 2996 577 3079; x_wconf 76' lang='grc' dir='ltr'><strong>ἅπαξ</strong></span> <span class='ocrx_word' id='word_1_232' title='bbox 594 2999 674 3062; x_wconf 86' lang='grc' dir='ltr'><strong>ἀλλά</strong></span> <span class='ocrx_word' id='word_1_233' title='bbox 689 2999 835 3071; x_wconf 73' lang='grc' dir='ltr'><strong>πολλάκις</strong></span> <span class='ocrx_word' id='word_1_234' title='bbox 852 3003 893 3082; x_wconf 85' lang='lat' dir='ltr'>N,</span> <span class='ocrx_word' id='word_1_235' title='bbox 919 3000 999 3062; x_wconf 88' lang='grc' dir='ltr'><strong>ἀλλά</strong></span> <span class='ocrx_word' id='word_1_236' title='bbox 1014 2999 1061 3062; x_wconf 87' lang='grc' dir='ltr'><strong>καὶ</strong></span> <span class='ocrx_word' id='word_1_237' title='bbox 1079 3001 1226 3075; x_wconf 77' lang='grc' dir='ltr'><strong>πολλάκις</strong></span> <span class='ocrx_word' id='word_1_238' title='bbox 1241 3004 1285 3072; x_wconf 81' lang='grc' dir='ltr'>Α.</span> 
     </span>
     <span class='ocr_line' id='line_1_27' title="bbox 162 3101 1281 3192; baseline 0.011 -25"><span class='ocrx_word' id='word_1_239' title='bbox 162 3103 322 3187; x_wconf 80' lang='lat' dir='ltr'>Quamvis</span> <span class='ocrx_word' id='word_1_240' title='bbox 332 3101 378 3164; x_wconf 88' lang='grc' dir='ltr'><strong>καὶ</strong></span> <span class='ocrx_word' id='word_1_241' title='bbox 387 3105 550 3171; x_wconf 89' lang='lat' dir='ltr'>sententia</span> <span class='ocrx_word' id='word_1_242' title='bbox 560 3125 625 3172; x_wconf 89' lang='lat' dir='ltr'>non</span> <span class='ocrx_word' id='word_1_243' title='bbox 635 3108 726 3174; x_wconf 88' lang='lat' dir='ltr'>laesa</span> <span class='ocrx_word' id='word_1_244' title='bbox 735 3107 847 3172; x_wconf 88' lang='lat' dir='ltr'>deesse</span> <span class='ocrx_word' id='word_1_245' title='bbox 856 3108 959 3189; x_wconf 90' lang='lat' dir='ltr'>possit</span> <span class='ocrx_word' id='word_1_246' title='bbox 969 3107 1024 3192; x_wconf 86' lang='lat' dir='ltr'>(ci.</span> <span class='ocrx_word' id='word_1_247' title='bbox 1034 3108 1113 3175; x_wconf 84' lang='lat' dir='ltr'>Ant.</span> <span class='ocrx_word' id='word_1_248' title='bbox 1123 3111 1189 3189; x_wconf 89' lang='lat' dir='ltr'>III,</span> <span class='ocrx_word' id='word_1_249' title='bbox 1201 3131 1227 3192; x_wconf 87' lang='grc' dir='ltr'>γ,</span> <span class='ocrx_word' id='word_1_250' title='bbox 1240 3119 1281 3178; x_wconf 94' lang='grc'>11</span> 
     </span>
     <span class='ocr_line' id='line_1_28' title="bbox 161 3207 1283 3295; baseline 0.009 -26"><span class='ocrx_word' id='word_1_251' title='bbox 161 3207 226 3294; x_wconf 83' lang='grc' dir='ltr'><strong>οὐχ’</strong></span> <span class='ocrx_word' id='word_1_252' title='bbox 245 3209 318 3284; x_wconf 86' lang='grc' dir='ltr'><strong>ὅσια,</strong></span> <span class='ocrx_word' id='word_1_253' title='bbox 347 3211 427 3272; x_wconf 89' lang='grc' dir='ltr'><strong>άλλά</strong></span> <span class='ocrx_word' id='word_1_254' title='bbox 449 3213 559 3286; x_wconf 87' lang='grc' dir='ltr'><strong>ἀνόσια,</strong></span> <span class='ocrx_word' id='word_1_255' title='bbox 588 3215 649 3294; x_wconf 86' lang='lat' dir='ltr'>IV,</span> <span class='ocrx_word' id='word_1_256' title='bbox 675 3234 700 3295; x_wconf 80' lang='grc' dir='ltr'>γ,</span> <span class='ocrx_word' id='word_1_257' title='bbox 731 3219 750 3280; x_wconf 83' lang='lat'><strong>3</strong></span> <span class='ocrx_word' id='word_1_258' title='bbox 780 3210 845 3274; x_wconf 84' lang='grc' dir='ltr'><strong>οὐδὲ</strong></span> <span class='ocrx_word' id='word_1_259' title='bbox 872 3220 938 3286; x_wconf 87' lang='grc' dir='ltr'><strong>τοῖς</strong></span> <span class='ocrx_word' id='word_1_260' title='bbox 966 3213 1080 3290; x_wconf 81' lang='grc' dir='ltr'><strong>αὐτοῖς,</strong></span> <span class='ocrx_word' id='word_1_261' title='bbox 1110 3217 1190 3280; x_wconf 87' lang='grc' dir='ltr'><strong>ἀλλά</strong></span> <span class='ocrx_word' id='word_1_262' title='bbox 1218 3224 1283 3290; x_wconf 90' lang='grc' dir='ltr'><strong>τοῖς</strong></span> 
     </span>
     <span class='ocr_line' id='line_1_29' title="bbox 162 3313 1283 3408; baseline 0.014 -32"><span class='ocrx_word' id='word_1_263' title='bbox 162 3313 398 3394; x_wconf 83' lang='grc' dir='ltr'><strong>ἐναντιωτάτοις,</strong></span> <span class='ocrx_word' id='word_1_264' title='bbox 422 3320 470 3400; x_wconf 86' lang='lat' dir='ltr'>Il,</span> <span class='ocrx_word' id='word_1_265' title='bbox 494 3317 519 3402; x_wconf 82' lang='grc' dir='ltr'>δ,</span> <span class='ocrx_word' id='word_1_266' title='bbox 545 3324 564 3384; x_wconf 84' lang='grc'>5</span> <span class='ocrx_word' id='word_1_267' title='bbox 589 3319 650 3381; x_wconf 85' lang='grc' dir='ltr'><strong>ἔστι</strong></span> <span class='ocrx_word' id='word_1_268' title='bbox 672 3317 704 3381; x_wconf 86' lang='grc' dir='ltr'>δὲ</span> <span class='ocrx_word' id='word_1_269' title='bbox 727 3318 779 3382; x_wconf 82' lang='grc' dir='ltr'>οὐκ</span> <span class='ocrx_word' id='word_1_270' title='bbox 800 3322 919 3392; x_wconf 83' lang='grc' dir='ltr'><strong>ἀπεικός</strong></span> <span class='ocrx_word' id='word_1_271' title='bbox 936 3321 1016 3384; x_wconf 93' lang='grc' dir='ltr'><strong>άλλά</strong></span> <span class='ocrx_word' id='word_1_272' title='bbox 1033 3319 1160 3408; x_wconf 44' lang='lat' dir='ltr'>clanei)</span> <span class='ocrx_word' id='word_1_273' title='bbox 1175 3325 1283 3407; x_wconf 84' lang='lat' dir='ltr'>potius</span> 
     </span>
     <span class='ocr_line' id='line_1_30' title="bbox 161 3425 1283 3512; baseline 0.012 -26"><span class='ocrx_word' id='word_1_274' title='bbox 161 3426 272 3488; x_wconf 90' lang='lat' dir='ltr'>tamen</span> <span class='ocrx_word' id='word_1_275' title='bbox 298 3425 330 3492; x_wconf 88' lang='lat' dir='ltr'>N</span> <span class='ocrx_word' id='word_1_276' title='bbox 357 3425 550 3508; x_wconf 88' lang='lat' dir='ltr'>particulam</span> <span class='ocrx_word' id='word_1_277' title='bbox 578 3425 625 3488; x_wconf 81' lang='grc' dir='ltr'><strong>καὶ</strong></span> <span class='ocrx_word' id='word_1_278' title='bbox 651 3427 862 3512; x_wconf 80' lang='lat' dir='ltr'>neglegentia</span> <span class='ocrx_word' id='word_1_279' title='bbox 888 3428 1034 3496; x_wconf 88' lang='lat' dir='ltr'>omisisse</span> <span class='ocrx_word' id='word_1_280' title='bbox 1062 3449 1157 3512; x_wconf 88' lang='lat' dir='ltr'>quam</span> <span class='ocrx_word' id='word_1_281' title='bbox 1181 3432 1213 3498; x_wconf 90' lang='lat' dir='ltr'><strong>A</strong></span> <span class='ocrx_word' id='word_1_282' title='bbox 1244 3433 1283 3500; x_wconf 93' lang='lat' dir='ltr'>de</span> 
     </span>
     <span class='ocr_line' id='line_1_31' title="bbox 160 3527 1283 3620; baseline 0.01 -25"><span class='ocrx_word' id='word_1_283' title='bbox 160 3527 324 3598; x_wconf 88' lang='lat' dir='ltr'>industria</span> <span class='ocrx_word' id='word_1_284' title='bbox 342 3551 413 3598; x_wconf 86' lang='lat' dir='ltr'>eam</span> <span class='ocrx_word' id='word_1_285' title='bbox 432 3533 647 3602; x_wconf 87' lang='lat' dir='ltr'>inculcavisse</span> <span class='ocrx_word' id='word_1_286' title='bbox 665 3535 743 3602; x_wconf 89' lang='lat' dir='ltr'>mihi</span> <span class='ocrx_word' id='word_1_287' title='bbox 761 3535 892 3602; x_wconf 85' lang='lat' dir='ltr'>videtur</span> <span class='ocrx_word' id='word_1_288' title='bbox 913 3531 969 3620; x_wconf 88' lang='lat' dir='ltr'>(cf.</span> <span class='ocrx_word' id='word_1_289' title='bbox 984 3537 1056 3604; x_wconf 89' lang='lat' dir='ltr'>Ulr.</span> <span class='ocrx_word' id='word_1_290' title='bbox 1071 3539 1111 3604; x_wconf 89' lang='lat' dir='ltr'>de</span> <span class='ocrx_word' id='word_1_291' title='bbox 1126 3539 1283 3606; x_wconf 88' lang='lat' dir='ltr'>Wilamo·</span> 
     </span>
    </p>

    <p class='ocr_par' dir='ltr' id='par_1_6' title="bbox 124 3635 1282 3835">
     <span class='ocr_line' id='line_1_32' title="bbox 160 3635 1190 3727; baseline 0.008 -25"><span class='ocrx_word' id='word_1_292' title='bbox 160 3635 464 3705; x_wconf 84' lang='lat' dir='ltr'>witz-Molendorff</span> <span class='ocrx_word' id='word_1_293' title='bbox 483 3645 628 3708; x_wconf 87' lang='lat' dir='ltr'>Hermae</span> <span class='ocrx_word' id='word_1_294' title='bbox 651 3644 714 3708; x_wconf 88' lang='lat' dir='ltr'>vol.</span> <span class='ocrx_word' id='word_1_295' title='bbox 736 3643 851 3708; x_wconf 90' lang='lat' dir='ltr'>XXII</span> <span class='ocrx_word' id='word_1_296' title='bbox 875 3661 903 3708; x_wconf 90' lang='lat' dir='ltr'>a.</span> <span class='ocrx_word' id='word_1_297' title='bbox 928 3648 1023 3710; x_wconf 84' lang='grc'><strong>1887.</strong></span> <span class='ocrx_word' id='word_1_298' title='bbox 1047 3664 1077 3725; x_wconf 92' lang='lat' dir='ltr'>p.</span> <span class='ocrx_word' id='word_1_299' title='bbox 1103 3644 1190 3727; x_wconf 83' lang='lat'>199).</span> 
     </span>
     <span class='ocr_line' id='line_1_33' title="bbox 124 3744 1282 3835; baseline 0.002 -26"><span class='ocrx_word' id='word_1_300' title='bbox 124 3745 127 3750; x_wconf 77' lang='grc'><strong>’</strong></span> <span class='ocrx_word' id='word_1_301' title='bbox 250 3744 332 3811; x_wconf 86' lang='lat' dir='ltr'>Ant.</span> <span class='ocrx_word' id='word_1_302' title='bbox 354 3747 383 3825; x_wconf 88' lang='grc'>1,</span> <span class='ocrx_word' id='word_1_303' title='bbox 410 3752 451 3811; x_wconf 79' lang='lat'>12</span> <span class='ocrx_word' id='word_1_304' title='bbox 480 3747 506 3807; x_wconf 82' lang='grc' dir='ltr'>εἰ</span> <span class='ocrx_word' id='word_1_305' title='bbox 533 3749 588 3835; x_wconf 90' lang='grc' dir='ltr'>γάρ</span> <span class='ocrx_word' id='word_1_306' title='bbox 616 3748 729 3810; x_wconf 84' lang='grc' dir='ltr'><strong>τούτων</strong></span> <span class='ocrx_word' id='word_1_307' title='bbox 758 3747 924 3810; x_wconf 72' lang='grc' dir='ltr'><strong>ἐθελόντων</strong></span> <span class='ocrx_word' id='word_1_308' title='bbox 951 3749 1056 3812; x_wconf 76' lang='grc' dir='ltr'><strong>διδόναι</strong></span> <span class='ocrx_word' id='word_1_309' title='bbox 1084 3749 1129 3822; x_wconf 81' lang='grc' dir='ltr'>εἰς</span> <span class='ocrx_word' id='word_1_310' title='bbox 1158 3749 1282 3832; x_wconf 85' lang='grc' dir='ltr'><strong>βάσανον</strong></span> 
     </span>
    </p>
   </div>
   <div class='ocr_carea' id='block_1_4' title="bbox 159 3845 1283 4155">
    <p class='ocr_par' dir='ltr' id='par_1_7' title="bbox 159 3845 1283 4155">
     <span class='ocr_line' id='line_1_34' title="bbox 162 3845 883 3942; baseline 0.019 -33"><span class='ocrx_word' id='word_1_311' title='bbox 162 3845 219 3931; x_wconf 86' lang='grc' dir='ltr'>ἐγὼ</span> <span class='ocrx_word' id='word_1_312' title='bbox 243 3849 283 3934; x_wconf 82' lang='grc' dir='ltr'>μὴ</span> <span class='ocrx_word' id='word_1_313' title='bbox 308 3847 454 3934; x_wconf 75' lang='grc' dir='ltr'><strong>ἐδεξάμην</strong></span> <span class='ocrx_word' id='word_1_314' title='bbox 477 3851 549 3940; x_wconf 81' lang='lat' dir='ltr'>(N),</span> <span class='ocrx_word' id='word_1_315' title='bbox 574 3853 631 3936; x_wconf 82' lang='grc' dir='ltr'>ἐγὼ</span> <span class='ocrx_word' id='word_1_316' title='bbox 654 3853 686 3919; x_wconf 88' lang='grc' dir='ltr'>δὲ</span> <span class='ocrx_word' id='word_1_317' title='bbox 710 3855 750 3942; x_wconf 81' lang='grc' dir='ltr'>μὴ</span> <span class='ocrx_word' id='word_1_318' title='bbox 775 3855 815 3919; x_wconf 82' lang='grc' dir='ltr'>ἐδ.</span> <span class='ocrx_word' id='word_1_319' title='bbox 840 3856 883 3925; x_wconf 85' lang='grc' dir='ltr'>Α.</span> 
     </span>
     <span class='ocr_line' id='line_1_35' title="bbox 251 3957 1282 4049; baseline 0.007 -24"><span class='ocrx_word' id='word_1_320' title='bbox 251 3957 337 4044; x_wconf 82' lang='lat' dir='ltr'>Quin</span> <span class='ocrx_word' id='word_1_321' title='bbox 364 3959 398 4025; x_wconf 92' lang='lat' dir='ltr'>in</span> <span class='ocrx_word' id='word_1_322' title='bbox 427 3961 560 4042; x_wconf 87' lang='lat' dir='ltr'>apodosi</span> <span class='ocrx_word' id='word_1_323' title='bbox 586 3965 778 4044; x_wconf 88' lang='lat' dir='ltr'>particulam</span> <span class='ocrx_word' id='word_1_324' title='bbox 811 3961 843 4026; x_wconf 81' lang='grc' dir='ltr'>δὲ</span> <span class='ocrx_word' id='word_1_325' title='bbox 869 3969 943 4048; x_wconf 92' lang='lat' dir='ltr'>post</span> <span class='ocrx_word' id='word_1_326' title='bbox 971 3968 1153 4032; x_wconf 87' lang='lat' dir='ltr'>structuras</span> <span class='ocrx_word' id='word_1_327' title='bbox 1181 3966 1282 4049; x_wconf 90' lang='lat' dir='ltr'>parti·</span> 
     </span>
     <span class='ocr_line' id='line_1_36' title="bbox 159 4065 1283 4155; baseline 0.006 -24"><span class='ocrx_word' id='word_1_328' title='bbox 159 4065 293 4148; x_wconf 89' lang='lat' dir='ltr'>cipiales</span> <span class='ocrx_word' id='word_1_329' title='bbox 306 4067 427 4134; x_wconf 84' lang='lat' dir='ltr'>addere</span> <span class='ocrx_word' id='word_1_330' title='bbox 439 4069 623 4135; x_wconf 86' lang='lat' dir='ltr'>Atticorum</span> <span class='ocrx_word' id='word_1_331' title='bbox 636 4070 689 4154; x_wconf 87' lang='lat' dir='ltr'>sit,</span> <span class='ocrx_word' id='word_1_332' title='bbox 705 4090 769 4137; x_wconf 93' lang='lat' dir='ltr'>non</span> <span class='ocrx_word' id='word_1_333' title='bbox 785 4075 836 4137; x_wconf 90' lang='lat' dir='ltr'>est</span> <span class='ocrx_word' id='word_1_334' title='bbox 851 4070 990 4137; x_wconf 90' lang='lat' dir='ltr'>dubium.</span> <span class='ocrx_word' id='word_1_335' title='bbox 1020 4067 1075 4155; x_wconf 85' lang='lat' dir='ltr'>(cf.</span> <span class='ocrx_word' id='word_1_336' title='bbox 1087 4071 1283 4140; x_wconf 83' lang='lat' dir='ltr'>Graffunder</span> 
     </span>
    </p>
   </div>
   <div class='ocr_carea' id='block_1_5' title="bbox 231 4310 1120 4552">
    <p class='ocr_par' dir='ltr' id='par_1_8' title="bbox 231 4310 1120 4552">
     <span class='ocr_line' id='line_1_37' title="bbox 232 4310 1046 4386; baseline 0.006 -19"><span class='ocrx_word' id='word_1_337' title='bbox 232 4310 254 4380; x_wconf 89' lang='grc'>1)</span> <span class='ocrx_word' id='word_1_338' title='bbox 273 4314 307 4369; x_wconf 88' lang='lat' dir='ltr'>ci.</span> <span class='ocrx_word' id='word_1_339' title='bbox 326 4313 394 4369; x_wconf 85' lang='lat' dir='ltr'>Ant.</span> <span class='ocrx_word' id='word_1_340' title='bbox 413 4317 449 4386; x_wconf 88' lang='lat' dir='ltr'>V,</span> <span class='ocrx_word' id='word_1_341' title='bbox 467 4319 503 4375; x_wconf 82' lang='grc'>38</span> <span class='ocrx_word' id='word_1_342' title='bbox 521 4322 550 4373; x_wconf 87' lang='lat' dir='ltr'>et</span> <span class='ocrx_word' id='word_1_343' title='bbox 567 4315 715 4372; x_wconf 88' lang='lat' dir='ltr'>Matthiae:</span> <span class='ocrx_word' id='word_1_344' title='bbox 735 4315 854 4371; x_wconf 80' lang='lat' dir='ltr'>Gramm.</span> <span class='ocrx_word' id='word_1_345' title='bbox 874 4317 921 4372; x_wconf 81' lang='lat' dir='ltr'>Gr.</span> <span class='ocrx_word' id='word_1_346' title='bbox 940 4335 965 4386; x_wconf 93' lang='lat' dir='ltr'>p.</span> <span class='ocrx_word' id='word_1_347' title='bbox 985 4319 1046 4374; x_wconf 81' lang='lat'>982.</span> 
     </span>
     <span class='ocr_line' id='line_1_38' title="bbox 231 4397 625 4474; baseline 0.013 -19"><span class='ocrx_word' id='word_1_348' title='bbox 231 4397 254 4470; x_wconf 62' lang='grc' dir='ltr'>Ξ)</span> <span class='ocrx_word' id='word_1_349' title='bbox 274 4403 308 4457; x_wconf 85' lang='lat' dir='ltr'>ci.</span> <span class='ocrx_word' id='word_1_350' title='bbox 327 4403 439 4474; x_wconf 84' lang='lat' dir='ltr'>Belling</span> <span class='ocrx_word' id='word_1_351' title='bbox 456 4407 475 4462; x_wconf 88' lang='lat'>1.</span> <span class='ocrx_word' id='word_1_352' title='bbox 494 4421 516 4462; x_wconf 88' lang='lat' dir='ltr'>c.</span> <span class='ocrx_word' id='word_1_353' title='bbox 535 4423 561 4474; x_wconf 91' lang='lat' dir='ltr'>p.</span> <span class='ocrx_word' id='word_1_354' title='bbox 581 4407 625 4462; x_wconf 81' lang='lat'>25.</span> 
     </span>
     <span class='ocr_line' id='line_1_39' title="bbox 1103 4498 1120 4552; baseline 0 0"><span class='ocrx_word' id='word_1_355' title='bbox 1103 4498 1120 4552; x_wconf 83' lang='grc'>3</span> 
     </span>
    </p>
   </div>
   <div class='ocr_carea' id='block_1_6' title="bbox 0 0 1588 4976">
    <p class='ocr_par' dir='ltr' id='par_1_9' title="bbox 0 0 1588 4976">
     <span class='ocr_line' id='line_1_40' title="bbox 0 0 1588 4976; baseline 0 1"><span class='ocrx_word' id='word_1_356' title='bbox 0 0 1588 4976; x_wconf 95' lang='lat' dir='ltr'> </span> 
     </span>
    </p>
   </div>
  </div>
 </body>
</html>
