3168 4976
864 349 905 412 28

326 553 584 642 (τοῖςΘηβοίοις)
613 559 781 626 Τίιυίίιοίιυ
810 557 843 642 (l.
867 579 891 624 o.
915 580 945 641 p.
971 565 1021 624 10.
1047 559 1102 644 11)
1131 563 1299 630 articulum
1327 569 1440 630 contra

327 663 586 747 Graffunderum
611 667 665 747 qui
689 685 760 730 eum
783 664 904 745 reiecit,
931 665 1133 731 retinendum
1159 687 1230 734 esse
1254 667 1439 757 exposuit.1)

324 769 390 836 Sed
417 773 450 854 Ι,
475 777 516 838 39
545 772 716 838 seeundum
740 771 774 837 N
797 770 811 830 ὁ
836 767 1071 849 Λακεδαιμονίων
1096 772 1284 858 φρούραρχος
1309 779 1356 861 (Α
1377 784 1438 841 ’τὼν

324 874 572 960 Λακεδαιμονίων)
596 877 798 943 scribendum
822 896 893 944 esse
910 877 1105 946 Graffunder
1125 884 1159 944 ei
1175 881 1341 948 Thalheim
1366 905 1437 952 oon-

324 985 476 1052 ssntiunt.
521 984 629 1051 Etiam
653 984 832 1052 nominibus
856 985 981 1052 urbium
1010 992 1043 1053 et
1070 991 1230 1054 terrarum
1253 987 1437 1056 Dinarchus
1459 971 1462 976 Α

323 1093 493 1159 articulum
517 1091 642 1173 eripuit.
689 1091 857 1174 Antiphon
881 1099 988 1159 autem
1011 1095 1072 1160 hae
1098 1095 1132 1160 in
1160 1115 1196 1161 re
1224 1094 1285 1161 sibi
1311 1095 1437 1162 minime

322 1207 472 1264 constans
506 1203 566 1282 est,
599 1198 633 1264 id
665 1200 749 1282 quod
780 1219 843 1265 non
875 1201 978 1266 minus
1011 1201 1043 1266 in
1077 1202 1248 1268 articulum
1280 1201 1436 1268 hominum

321 1306 501 1372 nominibus
525 1306 720 1390 affigendum
741 1307 838 1372 eadit.
880 1308 921 1372 In
941 1307 1046 1388 prima
1066 1307 1149 1373 enim
1171 1311 1316 1376 oratione
1335 1311 1436 1394 primo

321 1414 390 1480 loeo
418 1419 551 1496 excepto
576 1413 617 1496 (I,
644 1410 699 1498 14)
723 1413 842 1479 nomini
864 1413 1012 1478 Philonei
1040 1415 1211 1480 articulum
1238 1418 1435 1501 praeposuit,

321 1521 353 1584 in
377 1521 491 1602 quinta
514 1526 622 1586 autem
645 1527 679 1585 et
702 1525 796 1586 sexta
819 1519 964 1584 oratione
987 1537 1058 1585 eum
1082 1521 1194 1588 deesse
1217 1523 1328 1589 voluit.
1367 1527 1437 1592 Neo

320 1632 428 1693 tamen
460 1629 593 1694 eandem
626 1645 750 1708 semper
783 1623 1044 1693 consuetudinem
1075 1627 1194 1710 tenuit,
1227 1647 1300 1694 nam
1325 1631 1366 1713 V,
1394 1637 1435 1696 20

320 1734 456 1816 legimus
477 1733 491 1795 ὁ
514 1729 538 1795 δ’
565 1725 715 1820 Ἡρώδης,
736 1733 779 1816 V,
803 1736 843 1799 62
868 1732 883 1794 ὁ
903 1730 1041 1806 Λυκῖνος.
1077 1731 1194 1816 Itaque
1221 1735 1350 1802 dubium
1375 1743 1434 1817 est,

320 1847 427 1908 utrum
443 1842 485 1926 V,
507 1849 548 1907 29
573 1837 629 1926 ἐγώ
653 1841 700 1904 καὶ
718 1839 859 1928 Ἡρώδης
882 1838 942 1925 (Α)
967 1860 1009 1906 an
1032 1837 1089 1924 ἐχώ
1112 1839 1160 1902 καὶ
1185 1841 1199 1902 ὁ
1220 1839 1359 1928 Ἡρώδης
1375 1841 1434 1926 (N)

318 1949 488 2031 legandum
521 1949 572 2016 sit.
618 1950 804 2016 Dinarchus
836 1967 914 2014 uero
946 1948 1107 2014 hominum
1138 1949 1267 2015 nomina
1300 1949 1435 2015 artioulo

318 2055 462 2124 nudavit.
509 2057 632 2124 Contra
659 2059 687 2138 I,
717 2061 758 2122 58
792 2059 843 2114 τοῦ
872 2052 1058 2116 Πολυεύκτου
1088 2055 1135 2138 (Α
1164 2075 1222 2121 om.
1252 2054 1435 2137 articulum)

318 2163 562 2244 praeferendum
579 2181 650 2230 esse
661 2161 859 2229 Thalheimio
876 2163 1043 2229 assentior.
1072 2160 1124 2248 (ef.
1137 2163 1251 2232 unali.
1262 2167 1281 2230 l.
1293 2184 1319 2230 ο.
1328 2185 1358 2247 ρ.
1370 2161 1434 2248 11.)

319 2273 389 2351 Neo
411 2272 515 2337 minus
535 2271 582 2353 II,
607 2275 627 2338 8
650 2266 832 2355 (Κυδιμάχου
856 2271 899 2352 Ν,
924 2275 975 2331 τοῦ
995 2267 1163 2354 Κυδιμάχου
1187 2269 1234 2353 A)
1258 2255 1436 2338 Oxoniensi

319 2377 603 2460 obtemperandum
626 2382 684 2442 est.
715 2379 743 2458 Ι,
770 2381 831 2443 111
859 2381 965 2444 antem
989 2376 1022 2444 A
1046 2375 1079 2438 τὸ
1104 2375 1283 2460 Δημοσθένει
1310 2398 1369 2461 pro
1392 2377 1435 2462 τά

319 2481 499 2566 Δημοσθένει
522 2479 585 2569 (Ν)
608 2489 697 2550 recte
720 2483 859 2566 scripsit.

424 2592 504 2674 Lyo.
529 2590 546 2673 ᾗ
571 2596 612 2656 24
641 2595 692 2652 τοῦ
721 2589 910 2678 Τιμοχάρους
934 2589 976 2672 A,
1005 2587 1192 2677 Τιμοχάρους
1216 2591 1285 2658 sine
1308 2597 1369 2658 art.
1393 2593 1433 2657 N.

318 2694 401 2783 πάξ
430 2702 471 2764 23
499 2696 655 2784 Τιμοχάρει
679 2733 721 2743 -
745 2698 760 2758 ὀ
788 2695 969 2783 Τιμοχάρης.
1025 2698 1147 2764 Eodem
1179 2699 1271 2766 modo
1304 2697 1320 2779 ἓ
1355 2701 1431 2762 112:

318 2801 461 2891 Φρυνίχου
486 2805 539 2892 χάρ
564 2807 786 2890 άποσιραχὲνπυς
802 2855 808 2869 .
826 2855 832 2870 .
852 2855 856 2868 ,
873 2802 925 2866 ὑπὸ
950 2808 1009 2864 τών
1032 2811 1084 2866 τοῦ
1108 2803 1251 2891 Φρυνίχου
1275 2803 1369 2889 φίλιον

317 2911 384 2998 εὗρε
412 2910 462 2972 τὸν
492 2909 543 2994 μὲν
567 2909 718 2998 Φρύνιχον.
765 2913 880 2994 Neque
903 2911 998 2978 aliter
1021 2909 1040 2998 ξ
1066 2918 1142 2979 117:
1166 2907 1329 2998 Ἵππαρχον
1352 2947 1394 2956 -
1419 2909 1433 2970 ὀ

313 3013 479 3104 Ἵππαρχος
504 3055 544 3064 -
570 3017 589 3104 ξ
614 3025 676 3086 118
701 3023 753 3081 τοῦ
769 3013 939 3105 Ἱππάρχου.

425 3128 541 3208 Itaque
570 3129 647 3210 Lyc.
672 3125 691 3212 ξ
721 3131 763 3192 24
792 3125 984 3210 Orippsiano
1013 3127 1295 3210 obtemperandum
1323 3128 1433 3190 estet

317 3235 355 3299 L.
380 3233 470 3301 Oohn
494 3230 526 3316 (l.
550 3236 570 3300 l.
593 3255 623 3317 p.
649 3233 704 3320 61)
728 3234 859 3300 erravit.

424 3343 538 3422 Neque
553 3341 679 3408 facilius
698 3346 757 3422 est,
770 3342 826 3407 ubi
841 3341 925 3406 alter
937 3341 1080 3407 codicum
1096 3341 1223 3408 nomina
1235 3337 1434 3420 appellativa

318 3447 454 3513 articulo
474 3447 629 3532 privavit,
647 3449 730 3514 alter
751 3448 889 3532 ornavit,
912 3453 985 3514 uter
1004 3449 1125 3514 maiore
1145 3446 1208 3512 fide
1220 3445 1264 3512 sit
1279 3450 1433 3511 statuere.

423 3554 504 3620 Ant.
527 3556 643 3644 Ilhyp.
667 3556 686 3639 ἡ
711 3559 815 3628 στάσις
841 3551 872 3617 δὲ
896 3555 939 3637 A,
969 3560 1072 3626 στάσις
1099 3550 1131 3614 δὲ
1153 3553 1196 3620 Ν.
1241 3552 1432 3636 Orippsiano

318 3663 432 3747 procul
454 3663 551 3730 dubio
575 3665 810 3746 obsequendum
835 3669 892 3730 est.
938 3659 991 3745 (ei.
1012 3660 1208 3729 Graffunder
1230 3662 1296 3728 1ο.
1319 3680 1349 3742 p.
1367 3656 1432 3744 69.)

422 3768 502 3836 Ant.
515 3771 543 3852 I,
559 3776 600 3836 23
618 3767 687 3856 ὑπὲρ
703 3769 818 3856 μητρὸς
831 3776 890 3853 της
906 3765 994 3829 αὑτοὺ
1010 3768 1118 3851 ζώσης
1131 3769 1173 3850 N,
1187 3774 1245 3851 τῆς
1262 3765 1377 3852 μητρὸς
1389 3764 1431 3832 A.

318 3877 399 3950 Veri
420 3875 554 3943 similius
576 3882 626 3942 esi
647 3876 784 3958 aliquem
805 3876 974 3943 articulum
994 3875 1177 3942 inseruisse.
1216 3873 1430 3957 (oiKiihnem

316 4003 447 4067 gramm.
472 4003 520 4067 gr.
544 3985 591 4066 ΙΙ,
618 3991 635 4050 1
660 4003 689 4066 p.
714 3989 777 4050 522
802 3990 835 4049 er
859 3982 979 4051 Ououel
1001 3983 1022 4048 l.
1045 3985 1065 4050 l.
1087 4003 1119 4066 p.
1143 3979 1209 4066 54.)

421 4091 489 4158 eod.
511 4088 580 4178 ὑπὲρ
604 4093 718 4178 πατρός
742 4114 795 4174 μου
816 4091 859 4175 Ν,
885 4087 954 4178 ὑπὲρ
980 4095 1031 4152 τοῦ
1053 4092 1167 4176 πατρός
1188 4108 1241 4170 μου
1264 4085 1307 4154 A.
1346 4087 1431 4156 Oxo·

314 4198 435 4265 niensis
457 4199 553 4265 lentio
577 4199 656 4265 ferri
678 4200 798 4281 nequit.

314 4341 525 4352 .-,...-.--

423 4427 444 4499 1)
463 4431 496 4486 of.
516 4429 620 4484 Kohm:
640 4434 691 4482 aot.
715 4429 801 4485 diurn.
820 4447 910 4499 gymn.
930 4435 1013 4484 austr.
1034 4429 1103 4485 1888
1120 4445 1146 4497 p.
1165 4429 1208 4484 38.
