3168 4976
858 357 898 416 10

404 564 473 631 Lic.
499 569 572 646 107,
603 571 621 630 7
651 562 758 650 ἐχθρὸς
786 564 839 651 γάρ
862 563 931 633 NA
959 586 1017 649 pr,
1047 564 1154 651 ἐχθρὸς
1183 565 1235 647 μὲν
1263 569 1317 655 γάρ
1340 567 1433 652 Aul)

405 673 479 738 Has
506 671 609 754 igitur
636 671 871 752 discrepantias
899 673 984 738 unde
1012 677 1101 738 ortas
1130 691 1201 738 esse
1228 667 1436 756 putabimus?

316 781 403 846 Hac·
416 781 456 846 de
477 798 514 846 re
531 779 718 846 Theodorus
735 778 903 844 Thalheim
926 777 958 862 (l.
982 780 1002 844 l.
1025 798 1056 859 p.
1072 776 1107 862 5)
1130 779 1250 860 optime
1271 782 1434 866 disseruit,

315 886 371 967 qui
394 891 505 951 censet
526 884 687 950 nonnullis
709 883 788 950 locis
811 885 914 966 primo
937 890 1108 964 utrumque
1130 885 1298 952 librarium
1319 889 1438 958 ductus

315 991 486 1076 archetypi
512 993 555 1058 ad
581 991 751 1074 legendnm
780 991 926 1058 difficiles
956 991 1040 1070 male
1066 990 1317 1072 interpretatum
1345 1012 1434 1059 erra·

314 1100 401 1166 visse
408 1149 416 1182 ,
451 1098 588 1164 alterum
621 1097 736 1164 deinde
768 1117 877 1164 errore
910 1099 1038 1180 cognito
1072 1099 1113 1164 ad
1143 1097 1229 1163 illius
1258 1099 1435 1180 exemplum

315 1206 509 1288 correxisse,
541 1205 614 1272 aliis
641 1204 720 1270 locis
747 1204 812 1269 iam
840 1205 1058 1297 archetypum¹
1082 1203 1240 1286 duplicem
1266 1205 1434 1271 lectionem

315 1313 468 1382 habuisse
502 1311 574 1378 aliis
610 1311 747 1392 denique
781 1310 859 1376 locis
894 1309 928 1376 A
962 1311 1131 1376 librarium
1164 1311 1271 1393 ipsum
1303 1313 1435 1394 proprio

313 1421 443 1502 ingenio
463 1424 615 1486 mutasse.
653 1419 699 1483 Et
722 1417 865 1500 profecto
890 1417 961 1498 quis
985 1417 1114 1496 estqui
1137 1419 1322 1498 contendat,
1346 1418 1436 1484 illum

176 1591 181 1604 ,
312 1531 381 1593 tam
396 1528 543 1592 hebetem
567 1531 601 1591 et
622 1526 734 1592 rudem
758 1524 868 1604 fuisse,
891 1529 1016 1590 utnon
1040 1523 1121 1604 μέλει
1143 1525 1178 1590 iu
1201 1524 1313 1605 μέλλει,
1338 1522 1439 1586 Πελο-
1566 1561 1567 1570 .

312 1636 439 1716 πόνησον
465 1635 500 1699 in
523 1630 764 1715 Πελοπόννησον,
799 1630 976 1714 βουλεύεσθε
1007 1636 1082 1713 posi
1109 1629 1159 1691 ἐὰν
1191 1632 1224 1696 in
1254 1628 1439 1712 βουλεύησθε

314 1743 442 1822 aliaque
458 1742 653 1806 emendaret.
686 1743 805 1822 Itaque
819 1760 883 1806 non
899 1744 959 1821 est,
984 1737 1068 1820 quod
1088 1757 1159 1804 cum
1174 1737 1304 1804 Blassio
1321 1735 1437 1820 (praef.

311 1868 341 1931 p.
370 1849 442 1916 XV
469 1845 571 1932 seqq.)
599 1853 633 1913 et
659 1848 864 1914 Buermanno
894 1845 927 1931 (l.
957 1865 983 1912 c.
1010 1865 1040 1927 p.
1065 1850 1129 1911 392
1159 1842 1258 1927 seqq.)
1287 1849 1438 1925 putemus

311 1956 457 2022 omnibus
490 1953 556 2022 illis
588 1956 668 2023 locis
701 1957 766 2022 iam
806 1955 1016 2036 archetypum
1050 1971 1179 2018 manum
1212 1944 1437 2018 correctricem

313 2067 482 2145 expertum
506 2083 586 2144 csse,
610 2083 714 2145 neque
739 2063 955 2132 Graffundero
979 2056 1012 2142 (l.
1036 2079 1061 2126 c.
1084 2078 1114 2140 p.
1140 2057 1195 2140 12)
1221 2057 1436 2123 assentiemur

313 2171 458 2236 omnibus
486 2169 551 2236 illis
578 2169 658 2236 locis
686 2171 720 2236 in
747 2177 918 2251 utrumque
945 2167 1085 2233 codicem
1113 2167 1224 2231 eadem
1248 2164 1331 2231 vitia
1358 2179 1442 2228 casu·

311 2276 473 2343 invasisse
488 2296 590 2358 eaque
606 2277 639 2343 A
656 2276 824 2343 librarium
846 2281 962 2358 postea
985 2275 1162 2356 archetypo
1185 2271 1302 2337 iterum
1318 2268 1436 2335 collato

313 2383 544 2450 emendavisse.
584 2383 649 2450 Sed
671 2383 817 2465 plurimis
839 2381 918 2448 locis
941 2381 975 2448 N
998 2385 1032 2446 et
1054 2380 1089 2448 A
1111 2399 1160 2462 pr.
1183 2363 1299 2444 falsam
1322 2377 1434 2443 arche·

243 2497 246 2502 '
312 2491 385 2574 typi
399 2491 568 2560 lectionem
585 2495 811 2572 servaverunt,
836 2509 931 2570 quam
947 2487 981 2555 A
1000 2493 1115 2570 postea
1138 2507 1196 2553 suo
1212 2486 1324 2552 Marte
1346 2487 1437 2549 recte

313 2597 506 2665 emendavit.

402 2703 452 2770 At
469 2705 525 2786 qui
539 2724 603 2771 uon
619 2703 784 2769 dubitavit
797 2681 894 2768 veras
915 2699 1079 2782 lectiones,
1103 2703 1141 2763 ut
1164 2717 1234 2762 cum
1258 2697 1435 2775 archetypo

314 2812 552 2895 conspirarent,
585 2814 700 2894 postea
731 2807 814 2876 falso
845 2812 987 2889 mutare,
1021 2806 1076 2886 qui
1107 2806 1202 2884 putes
1235 2819 1307 2866 eum
1333 2801 1438 2867 verba
1566 2819 1567 2882 λ

313 2918 437 2986 tradita
475 2917 612 2984 arbitrio
650 2935 707 2982 suo
746 2910 989 2982 emendavisse?
1035 2908 1089 2995 (ci.
1127 2906 1324 2976 Graffunder
1360 2906 1381 2970 l.
1415 2906 1437 2973 l.

313 3047 344 3110 p.
373 3031 401 3092 9.
431 3022 497 3110 10).
548 3021 632 3090 Sunt
663 3023 747 3090 enim
778 3021 854 3103 loci,
886 3019 943 3086 ubi
974 3019 1008 3107 N
1040 3022 1074 3082 et
1105 3013 1153 3084 A1
1187 3013 1319 3095 falsam,
1352 3011 1436 3096 Apr.
1566 3003 1567 3070 l

314 3153 426 3202 veram
444 3132 613 3198 lectionem
631 3133 819 3213 praebeant.
853 3126 1048 3208 Priusquam
1063 3123 1121 3189 hos
1137 3122 1223 3188 locos
1243 3137 1434 3197 enumerem,

314 3241 392 3306 mihi
414 3237 685 3323 praemittendum
709 3241 759 3302 est
781 3235 902 3302 nullum
925 3234 1076 3312 locorum,
1101 3247 1181 3311 quos
1198 3226 1394 3296 Graffunder
1417 3243 1436 3290 e

315 3347 475 3414 Dinarchi
508 3345 706 3412 orationibus
741 3343 886 3425 collegit,
922 3340 956 3406 in
990 3359 1027 3406 eo
1061 3355 1192 3404 numero
1224 3333 1299 3417 poni
1331 3351 1437 3415 posse.

314 3455 400 3522 Nam
435 3451 636 3521 Thalheimio
670 3455 756 3518 teste
789 3450 822 3530 Ι,
860 3451 901 3514 60
936 3448 969 3514 N
1004 3450 1037 3512 et
1071 3443 1154 3526 Apr.
1207 3437 1371 3522 λυσιτελὴς
1405 3435 1436 3518 ἡ,
1566 3493 1567 3516 ,

315 3562 446 3632 Aucorr·
468 3553 626 3630 λυσιτελὲς
654 3557 675 3640 ᾖ
702 3553 839 3641 (rectum
867 3560 917 3621 est
941 3549 1138 3635 λοσιτελήσῃ)
1167 3558 1200 3616 et
1222 3547 1251 3630 I,
1281 3551 1323 3612 93
1347 3545 1379 3612 N
1404 3551 1438 3610 et
1566 3579 1567 3586 .

316 3669 399 3752 Apr.
425 3667 481 3729 ἴδια
508 3687 568 3749 pro
595 3661 678 3748 tiiql)
707 3665 868 3732 exhibent.
914 3663 1030 3742 Neque
1057 3661 1086 3742 I,
1118 3662 1181 3722 108
1209 3656 1272 3720 huc
1299 3655 1436 3735 spectat,

316 3777 465 3859 quoniam
487 3792 552 3840 non
573 3773 683 3854 liquet,
707 3777 783 3837 utra
804 3787 918 3836 manus
941 3769 976 3833 in
999 3768 1032 3833 A
1056 3785 1096 3832 ex
1112 3760 1327 3844 ἀπολογεῖσθαι,
1352 3758 1437 3840 quod
1530 3773 1532 3778 ·

316 3887 441 3950 rectum
456 3885 516 3964 est,
542 3877 713 3942 ἀπολεῖσθαι
729 3896 845 3944 rasura
867 3874 1060 3941 restituerit.
1094 3871 1205 3938 Etiam
1221 3868 1301 3933 Aut.
1318 3867 1359 3944 V,
1386 3869 1437 3930 13.

389 4075 412 4147 ¹)
430 4077 510 4133 Alios
528 4077 610 4142 locos,
629 4091 695 4142 quos
708 4071 871 4128 Graffunder
890 4067 919 4138 (l.
933 4087 956 4125 c.
969 4087 995 4138 p.
1009 4065 1057 4135 11)
1075 4065 1176 4131 attulit,
1195 4061 1304 4117 silentio
1318 4065 1438 4132 practer·
1566 4103 1567 4108 ,

318 4169 387 4236 misi,
410 4168 481 4236 quod
504 4164 682 4220 correctiones
701 4162 869 4218 Thalheimio
887 4165 1009 4216 testante
1027 4156 1127 4226 partim
1145 4153 1180 4207 ad
1199 4151 1312 4206 alteram
1330 4165 1438 4204 manum
1566 4205 1567 4212 ,

317 4260 347 4314 in
368 4257 396 4312 A
419 4255 576 4311 referendae
599 4259 669 4319 suut,
692 4251 792 4320 partim
814 4251 946 4305 incertmn
970 4253 1019 4315 est,
1044 4245 1090 4300 ubi
1112 4257 1209 4298 rasura
1231 4244 1364 4294 mutatum
1387 4243 1439 4304 eut,
1566 4305 1567 4326 3

318 4353 381 4404 utra
399 4361 493 4400 manus
512 4343 666 4398 correxerit.

389 4431 411 4505 2)
430 4435 492 4489 Ηοο
510 4433 597 4487 altera
614 4445 709 4486 manus
726 4429 756 4484 iu
774 4431 801 4484 A
818 4426 948 4484 restituit
