3168 4976
701 312 743 372 22

614 396 827 406 ——-.

247 525 277 607 Ι,
296 527 337 589 16
358 520 490 582 θύσαντα
510 519 572 604 ἱερά
591 521 635 603 Ν,
652 520 690 582 τά
709 519 772 607 ἱερά
792 519 834 587 A.
865 521 900 589 N
922 521 1100 590 certissime
1121 523 1278 606 peccavit.

251 635 285 712 I,
314 636 353 696 31
388 627 465 710 οἶμαι
496 624 527 690 δὲ
559 627 605 688 καί
636 627 720 699 θεοῖς
748 634 814 700 τοῖς
841 633 922 690 κάτω
951 629 1048 710 μέλειν
1076 627 1102 692 σί
1128 629 1279 714 ἠδίκηνται

158 743 205 824 N,
231 745 296 809 ταῖς
318 737 402 806 θεοῖς
425 735 468 800 A.
514 733 554 800 cf.
576 737 609 816 I,
632 741 672 801 29
703 734 762 818 (καὶ
790 735 899 820 φίλους
927 735 974 797 καί
1002 737 1178 819 ἀναγκαίους
1205 735 1279 810 τοὺς

161 848 325 932 σφετέρους
357 840 491 924 καλοῦσι)
525 847 558 908 et
589 843 622 924 Ι,
653 847 694 908 30
727 841 859 925 (οἰκέτας
887 839 961 914 τοὺς
988 845 1153 930 ’σφετέρους
1181 843 1279 906 αὐτῶν

161 952 363 1016 ἐπικαλοῦνται
391 944 569 1035 μάρτυρας).
625 949 714 1034 Quos
741 950 829 1015 locus
857 949 899 1016 ed
927 949 1142 1018 oxoniensem
1169 950 1278 1018 defen·

159 1061 299 1126 dendnm
323 1055 403 1122 nihil
419 1055 565 1121 conterre
581 1054 777 1132 Greffimder
792 1056 863 1122 sine
882 1056 970 1122 iusta
989 1077 1089 1124 ceusu
1104 1059 1279 1125 contendit.

157 1170 244 1236 Nam
268 1163 469 1230 indefinitum
492 1162 731 1229 substantivum
751 1161 835 1235 θεοῖς
856 1163 992 1230 articulo
1020 1165 1202 1248 insequenti
1225 1166 1278 1233 de

156 1274 280 1341 finitur.
327 1271 476 1352 Accedit,
502 1271 587 1352 quod
609 1269 800 1336 vocabulum
822 1269 897 1342 θεὸς
914 1271 1052 1338 articulo
1068 1292 1166 1356 saepe
1182 1273 1278 1339 desti·

159 1386 249 1448 tutus
277 1384 336 1446 est.
393 1378 546 1462 (thncr
573 1396 704 1459 gramm.
733 1396 781 1460 gr.
805 1379 856 1460 II,
888 1385 904 1443 1
938 1399 970 1460 p.
998 1377 1077 1464 521)
1111 1380 1151 1446 cf.
1182 1379 1279 1446 etiem

161 1489 241 1555 Ant.
257 1489 284 1570 Ι,
304 1492 345 1552 22
368 1488 535 1569 ἀνήκουστα
555 1483 601 1546 καὶ
620 1483 714 1556 θεοῖς.
744 1486 772 1566 Ι,
791 1489 832 1552 25
854 1485 1008 1572 ὁσιώτερον
1032 1484 1079 1548 καί
1101 1484 1178 1573 πρὸς
1200 1486 1279 1548 θεῖον

161 1594 207 1658 καί
230 1594 305 1682 πρὸς
329 1592 503 1678 ἀνθρώπων,
551 1593 649 1658 Thus.
666 1594 731 1673 ΙΙΙ,
750 1599 805 1658 59:
826 1589 919 1665 θεοὺς
940 1590 1014 1666 τοὺς
1037 1591 1227 1676 ὀμοβώμίους
1244 1639 1278 1656 ..

158 1701 357 1786 ἐπιβοώμενοι.
405 1700 470 1766 His
493 1698 674 1766 rationibus
697 1718 836 1777 moveor,
861 1705 898 1764 ut
914 1699 1128 1768 oxoniensem
1144 1720 1278 1783 sequen·

158 1813 235 1877 dum
257 1816 375 1892 putem.
775 1863 778 1866 .

249 1918 301 1999 ΙΙ,
331 1938 349 1977 α
376 1917 451 1999 hyp.
484 1912 553 1975 ὅθεν
581 1910 752 1998 στοχασμὸς
779 1912 799 1996 ἡ
829 1916 933 1985 στάσις
961 1913 1090 1998 ἀτελής,
1124 1912 1157 1976 ἐκ
1190 1916 1277 1996 μόνου

162 2023 316 2112 προσώπου
339 2025 549 2102 συνιστάμενος
572 2021 620 2104 N,
650 2021 737 2101 μάνου
761 2025 813 2081 τοῦ
841 2021 995 2107 προσώπου
1019 2024 1053 2088 Α
1076 2027 1174 2088 recte.
1218 2022 1277 2090 Ni-

160 2133 273 2198 mirum
290 2129 486 2198 Greffunder
502 2127 535 2211 (l.
548 2145 573 2193 c.
585 2147 615 2208 p.
629 2126 686 2207 70)
703 2134 813 2193 censet
828 2131 860 2196 N
877 2129 1047 2196 articulum
1064 2129 1104 2195 de
1118 2127 1279 2196 industrie

158 2238 306 2321 eiecisse,
335 2238 420 2318 quod
447 2255 558 2302 verum
587 2254 658 2300 esse
686 2235 772 2300 hend
800 2235 865 2300 scin
894 2235 1042 2302 annulli
1073 2237 1278 2318 persuadeat.

158 2348 262 2412 Immo
277 2351 353 2428 post
369 2346 455 2424 μόνον
472 2342 623 2408 facillime
635 2346 687 2403 τοῦ
704 2341 908 2408 intercidisse
923 2361 1014 2408 nemo
1029 2359 1092 2409 nen
1108 2341 1278 2426 intellegit.

252 2453 299 2531 ΙΙ,
324 2471 343 2510 α
363 2451 438 2532 hyp.
462 2449 491 2512 ἐν
513 2446 565 2532 μὲν
585 2449 741 2536 προοιμίοις
758 2451 893 2516 articulo
915 2455 976 2518 τοῖς
996 2449 1077 2516 falso
1101 2450 1217 2518 omisso
1233 2451 1276 2533 N,

160 2563 224 2624 τοῖς
247 2556 404 2642 προοιμίοις
427 2556 469 2622 A.
1241 2542 1245 2556 ⁸

249 2665 298 2746 ll,
324 2685 353 2739 α,
379 2670 395 2728 l
423 2661 545 2751 ἔμπειροι
560 2660 592 2725 δὲ
608 2667 785 2749 πραγμάτων
802 2663 884 2731 ὄντες
900 2665 1025 2744 Ν,“τών
1041 2669 1219 2750 πραγμάτων
1235 2671 1278 2732 Α,

250 2771 281 2837 A
305 2770 472 2846 librarium
495 2772 604 2838 verbis
628 2771 891 2855 antecedentibus
915 2769 1009 2832 ὁπόσα
1031 2767 1082 2851 μὲν
1106 2775 1166 2831 τῶν
1188 2791 1278 2858 πραγ-

163 2881 262 2958 μάτων
289 2877 457 2960 impnlsum
486 2877 657 2944 articulum
685 2877 848 2944 addidisse
879 2879 1031 2962 suspicor.
1081 2879 1167 2947 Nam
1194 2879 1279 2948 huuc

162 2982 204 3048 ad
237 2982 402 3050 articulum
435 2988 613 3070 πραγμάτων
641 2985 844 3050 substantivo
872 2985 1113 3069 praefigendum
1143 3005 1278 3068 pronum

159 3089 261 3156 fuisse
277 3108 316 3155 ex
330 3091 395 3172 III,
414 3088 441 3172 β,
461 3097 477 3157 1
497 3092 611 3173 elucet,
636 3090 691 3156 ubi
707 3087 819 3174 Apul)
840 3092 1002 3158 exerevit:
1027 3091 1277 3176 ἠναγκάσθην...

159 3193 229 3283 ὑπὲρ
266 3202 325 3258 τών
362 3201 540 3284 πραγμάτων
577 3193 767 3284 (πραγμάτων
800 3199 846 3280 N)
884 3198 1102 3280 ἀπολογεῖσθαι,
1141 3197 1181 3260 ών
1219 3195 1276 3282 ἐγώ

158 3303 296 3388 χαλεπώς
324 3302 376 3386 μὲν
405 3303 460 3388 τὴν
488 3302 632 3391 ἀκρίβειαν
661 3304 760 3388 ἔγνων.
807 3306 874 3374 Hie
896 3311 1003 3372 autem
1026 3309 1086 3368 τών
1108 3307 1276 3374 molestum

158 3429 229 3477 esse
250 3411 454 3478 menifestum
479 3417 537 3477 est.

245 3520 293 3602 ΙΙ,
318 3517 333 3580 δ
357 3525 471 3584 eontra
493 3537 585 3586 usum
604 3521 636 3587 N
658 3518 740 3586 falso
763 3521 783 3605 ἡ
808 3517 953 3596 ὑπόθεσις,
978 3517 1113 3589 ὑπόθεσις
1129 3526 1218 3588 recte
1234 3521 1276 3590 A.

246 3624 308 3707 IV,
326 3645 354 3699 α,
371 3624 392 3690 2
408 3622 462 3708 τὴν
479 3631 532 3709 γῆν
548 3623 595 3686 καί
610 3624 763 3688 θάλασσαν
780 3629 823 3711 N,
841 3626 895 3710 τὴν
910 3626 1064 3690 θάλασσαν
1082 3629 1123 3696 A.
1155 3629 1276 3696 Merito

157 3729 344 3812 Orippsieni
367 3732 463 3798 lectio
487 3736 527 3798 ab
552 3733 729 3800 editoribus
748 3733 897 3817 praelate
915 3741 974 3800 est.
1009 3733 1062 3818 (cf.
1080 3733 1276 3804 Grnffuuder

156 3836 367 3920 leplm

247 3941 283 4027 V,
306 3945 348 4012 33
373 3945 448 4026 μετά
471 3954 609 4032 χρηστῆς
632 3955 691 4032 τῆς
715 3947 835 4021 ἐλπίδος
859 3949 901 4030 A,
927 3955 985 4031 τῆς
1009 3968 1068 4015 0111.
1091 3948 1134 4015 N.

246 4053 372 4134 Utrnqe
395 4052 489 4119 lectio
512 4053 591 4120 ferri
613 4062 729 4136 petest
754 4057 792 4122 cf.
815 4059 894 4120 Ant.
918 4057 965 4138 II,
990 4077 1015 4136 γ,
1041 4061 1059 4121 6
1088 4052 1275 4141 (ἀμφοτέρας

155 4157 214 4230 τάς
241 4155 358 4239 διώξεις
382 4159 412 4221 ἐν
435 4161 512 4234 ίσαις
535 4159 629 4222 ἐλπίσι
651 4160 765 4244 θῶμεν)
790 4162 860 4240 ΙΙΙ,
886 4157 914 4242 β,
943 4165 962 4226 2
987 4158 1054 4245 (ὑπὸ
1081 4158 1112 4224 δὲ
1139 4161 1275 4247 σκληρᾶς

156 4267 290 4349 ἀνάγκης
314 4265 516 4352 βιαζόμενος),
562 4271 623 4352 VI,
647 4267 673 4344 θ,
698 4271 718 4332 8
742 4266 898 4352 (ἀλλοτρίᾳ
921 4266 997 4352 τώχγγ
1020 4267 1181 4354 κέχρηται).

229 4405 249 4478 ¹)
270 4409 369 4466 Utrum
388 4409 415 4464 A
434 4411 492 4480 ipse
511 4429 545 4468 en
564 4413 634 4468 nlter
652 4415 784 4464 corrector
802 4411 852 4458 τῶν
871 4411 985 4464 eraserit
1002 4427 1056 4465 nnn
1073 4409 1165 4478 liquet
