3168 4976
674 366 714 428 19

124 583 230 668 igitur
244 579 344 660 locos
365 593 443 658 quos
459 574 621 658 proposui,
639 576 821 642 accuratius
837 575 1081 659 contemplatus,
1103 577 1250 659 quamvis

123 711 192 758 non
217 686 371 752 affirmem
395 699 450 748 eos
469 682 568 748 solius
585 681 778 749 Oxoniensis
801 681 963 764 praesidio
983 682 1129 765 intellegi
1144 703 1249 768 posse,

125 803 240 863 tamen
271 810 366 873 nego,
399 788 463 859 nisi
493 787 578 854 forte
604 789 633 868 Ι,
663 793 704 854 18
737 789 800 854 hnc
831 789 1012 870 rettuleris,
1046 809 1117 855 eum
1148 795 1251 858 verba

129 916 372 985 supervacanea
398 893 491 962 nobis
524 893 708 962 tradidisse.
757 897 858 962 Immo
892 913 969 963 vero
1002 897 1141 979 quinque
1171 897 1250 965 locis
1301 963 1311 986 ,

130 1008 200 1095 (vn.
224 1005 361 1086 Antipn.
389 1005 515 1070 Jernst.
539 1007 570 1083 1,
595 1006 623 1068 c.
650 1003 680 1084 Ι,
706 1007 756 1068 10.
781 1007 831 1068 aa
856 991 918 1070 aa
936 1003 978 1086 v,
1004 1003 1059 1085 aa)
1087 1004 1249 1072 meliorem

125 1113 323 1183 sententiam
351 1109 544 1179 Oxoniensis
572 1112 717 1192 praebet,
741 1109 803 1190 VI,
832 1113 874 1174 42
902 1111 1059 1177 vocabulo
1086 1110 1167 1193 δίκην
1195 1131 1249 1178 ne·

126 1239 288 1305 quaquam
311 1236 426 1283 carere
447 1235 624 1299 possumus
923 1221 926 1230 ’

219 1328 310 1412 Quae
333 1333 470 1404 uterque
497 1323 598 1390 codex
617 1323 652 1389 in
674 1323 783 1388 verbis
807 1321 932 1388 omissis
948 1323 1034 1404 apud
1050 1323 1250 1392 Dinarchum

130 1433 322 1518 peccaverit,
352 1449 423 1496 cum
448 1431 614 1497 Thalheim
640 1429 705 1513 (De
728 1429 887 1496 Dinarchi
910 1429 1071 1497 codicibus
1095 1451 1250 1499 commen-

131 1541 214 1606 tatio
239 1560 269 1622 p.
294 1535 447 1621 10—13)
481 1537 619 1603 dilucide
651 1536 876 1620 explicaverit,
910 1531 1038 1622 longius
1071 1537 1111 1605 de
1142 1557 1183 1604 ea
1214 1559 1251 1606 re

131 1665 227 1730 agere
244 1665 308 1712 non
332 1663 411 1726 opus
436 1650 495 1710 est.
533 1643 646 1725 Atque
670 1649 814 1725 apparet·
830 1664 870 1710 ex
892 1645 949 1710 illa
972 1645 1201 1712 dissertatione
1216 1645 1270 1714 N.

127 1753 295 1820 librarium
323 1752 455 1834 septies,
479 1750 513 1817 A
538 1751 638 1818 octies
665 1751 698 1816 in
724 1750 780 1816 illo
808 1769 926 1832 genere
949 1757 1061 1833 aperte
1084 1747 1251 1837 errasse.¹)

127 1863 173 1928 nt
188 1862 217 1926 si
238 1861 310 1942 quis
335 1879 417 1940 quae
439 1857 494 1924 ille
518 1857 699 1939 disputavit
714 1858 898 1923 accuratius
914 1877 1021 1925 secum
1037 1859 1249 1942 reputaverit,

126 1969 224 2034 facile
246 1967 403 2032 fatebitur
418 1965 453 2032 N
474 1964 642 2030 librarium
665 1964 763 2030 etiam
786 1966 814 2047 Ι,
832 1969 874 2031 83
900 1962 1016 2051 (ἄνδρες
1031 1967 1074 2047 Ν,
1100 1963 1124 2026 b
1148 1965 1251 2051 ἄνδρες

130 2069 212 2158 A)2)
237 2077 271 2139 et
293 2075 326 2138 A
348 2075 376 2155 I,
402 2077 442 2138 31
469 2068 538 2154 (τῆς
560 2067 677 2142 πόλεως
700 2090 758 2136 om.
782 2067 831 2155 A)
855 2074 883 2154 l,
908 2077 949 2137 52
974 2067 1034 2153 (καὶ
1057 2070 1128 2153 om.)
1153 2075 1181 2156 Ι,
1207 2078 1248 2139 60

129 2179 179 2264 (δὴ
206 2183 281 2262 post
308 2175 402 2258 δεῖξον
430 2179 483 2265 γὰρ
512 2175 586 2260 om.)
610 2179 676 2259 ΙΙΙ,
702 2185 741 2243 21
768 2175 834 2258 (μὲν
861 2185 935 2260 post
964 2177 1050 2247 οὗτός
1073 2177 1147 2261 om.)
1172 2180 1248 2246 dcli-

127 2290 246 2370 quisse.
291 2285 347 2353 Sic
370 2285 510 2351 efficitur
532 2285 566 2350 N
589 2287 698 2367 octies,
722 2286 757 2350 A
781 2286 952 2353 duodecies
974 2289 1086 2370 verba,
1111 2287 1250 2368 quaein

128 2395 308 2476 archetypo
332 2391 471 2476 fuerunt,
499 2391 689 2476 neglexisse.
735 2386 775 2456 In
798 2393 980 2459 Leocratea
1003 2397 1116 2476 aperto
1140 2411 1250 2461 errore
1340 2448 1342 2457 ,

129 2499 250 2564 omissa
273 2497 403 2563 suntin
426 2495 632 2581 Orippsianot
657 2521 660 2528 ¹

220 2601 241 2690 ξ
267 2610 282 2670 1
310 2603 395 2684 τιμάς
417 2605 471 2670 καὶ.

218 2707 238 2795 ξ
265 2713 329 2775 108
354 2709 406 2796 οὐχ
430 2708 504 2779 ante
527 2713 633 2793 ὁμοίως
657 2711 831 2798 ἐχρήσαντο.

130 2839 134 2846 ’
217 2815 235 2900 fi
261 2821 325 2884 128
350 2815 382 2879 ἐκ
404 2823 480 2886 ante
500 2820 616 2887 πολεως
633 2819 848 2902 εὐνομουμένης
865 2867 872 2880 .
891 2867 898 2880 .
917 2867 923 2880 .
941 2819 1158 2905 παραδείγματα
1173 2819 1249 2900 λαμ-

134 2921 226 3004 βάνειν
249 2923 294 3007 (v.
317 2925 421 2992 Oohu:
446 2931 560 2992 Herm.
582 2927 644 2994 vol.
669 2933 711 2992 22
734 2947 766 3009 p.
791 2926 855 3008 62).

220 3027 238 3116 ξ
262 3035 324 3098 129
348 3032 381 3097 in
403 3034 513 3100 'verbis
540 3033 587 3094 ἵνα
614 3030 646 3095 δὲ
669 3029 783 3116 εἰδῆτε,
805 3033 847 3094 ὅτι
876 3031 909 3094 οὐ
932 3033 1021 3116 λόγον
1045 3029 1249 3094 circundantur

130 3135 240 3225 εἴρηκα,
265 3137 345 3200 ἀλλὰ
361 3140 426 3220 μετ’
442 3139 586 3221 ἀληθείας
602 3138 667 3221 ὑμῖν
682 3139 900 3226 παραδείγματα
915 3136 986 3222 (Ν),
1011 3137 1075 3220 ὑμῖν
1092 3141 1124 3206 Α
1145 3139 1248 3222 eiecit,

132 3261 200 3310 cnm
216 3245 366 3311 citarier
384 3247 549 3312 collocatio
564 3247 773 3330 pronominis
785 3245 951 3313 offensioni
973 3245 1074 3313 fnisse
1088 3246 1249 3314 videatur.

217 3349 388 3418 Dubitatio
411 3352 614 3437 relinquitur,
638 3359 744 3420 utrum
769 3355 801 3420 in
829 3359 1019 3436 argumento
1037 3353 1059 3444 ἡ
1084 3358 1135 3415 τοῦ
1158 3354 1248 3438 λόγου

129 3453 264 3525 ὑπόθεσις
282 3455 353 3542 (Α)
382 3477 423 3524 an
450 3459 473 3544 ἡ
499 3459 604 3521 τούτου
632 3465 683 3522 τοῦ
711 3459 800 3544 λόγου
828 3461 887 3546 (Ν)
916 3451 1052 3529 ὑπόθεσις
1077 3459 1248 3546 legendum

128 3555 187 3630 sit
210 3567 359 3646 Utraque
375 3567 459 3632 enim
473 3567 569 3634 lectio
585 3567 739 3650 exemplis
755 3567 988 3654 comprobatur.
1026 3565 1065 3634 oi.
1082 3567 1249 3652 AntiphI

126 3669 202 3754 hyp.
230 3671 245 3732 ὁ
272 3668 304 3732 δὲ
331 3675 383 3730 τοῦ
410 3669 550 3754 λέγοντος
578 3673 628 3736 τὸν
656 3673 744 3757 λόγον
771 3673 880 3760 πατὴρ,
908 3673 988 3740 Ant
1012 3675 1059 3757 II,
1085 3697 1103 3736 α
1128 3675 1204 3758 hyp.
1227 3675 1246 3760 ἡ

127 3773 159 3838 δὲ
182 3781 233 3838 τοῦ
257 3775 346 3858 λόγου
370 3775 512 3863 διαίρεσις.
542 3782 626 3847 Isae.
642 3781 734 3850 VIII
755 3781 832 3865 hyp.
855 3781 869 3841 ὁ
892 3780 989 3864 λέγων
1012 3779 1063 3842 τὸν
1086 3779 1183 3862 λόγον.
1205 3815 1246 3826 -

198 3987 220 4057 1)
239 3991 282 4045 De
295 3989 448 4061 mumlogie
466 3991 519 4058 Ι,6
537 3983 594 4062 περὶ
612 3995 657 4044 τοῦ
675 3992 792 4064 σώματος
811 3989 852 4045 καὶ
870 3999 917 4064 τῆς
936 3993 1018 4064 ψυχῆς
1031 3991 1069 4058 (N
1082 4009 1132 4048 om.
1152 3991 1246 4062 ψυχῆς)

126 4093 152 4134 v.
170 4077 274 4148 Vogel:
291 4079 327 4134 In
344 4079 510 4136 Dinarchum
533 4097 613 4136 curae
636 4085 829 4152 grammaticae
846 4084 997 4138 rhetoricae
1015 4081 1132 4136 criticae.
1169 4081 1246 4152 Ilipa.

127 4169 204 4222 177.
261 4168 330 4223 .68.
388 4211 394 4223 .

144 4170 161 4223 8
196 4183 318 4324 I>Alius
342 4170 473 4316 essigemodi
497 4259 699 4328 discrepantiae,
723 4275 791 4328 qnae
813 4258 848 4314 ad
871 4254 893 4309 ὦ
916 4258 1040 4315 vocativo
1063 4257 1196 4316 adiectum
1218 4266 1247 4317 et

127 4343 255 4400 omissum
276 4345 422 4416 pertinent,
444 4365 504 4406 cum
522 4347 691 4406 Thalheimio
715 4347 744 4402 in
766 4347 854 4403 medio
872 4347 1002 4417 relinquo,
1025 4363 1084 4403 cnm
1102 4350 1152 4404 hac
1171 4349 1200 4405 in
1218 4365 1247 4405 re

127 4431 229 4488 codices
247 4433 328 4489 nimis
345 4433 485 4495 fluctuent

1050 4529 1083 4584 2*
