3168 4976
614 423 827 432 -ι--ι-ι--ιι-ω

156 551 323 624 vocandus
347 552 405 614 ost.
444 547 505 614 Illo
529 547 613 612 euim
635 549 705 612 loco
728 547 743 607 ὃ
768 547 909 631 φυλάττει
926 546 1069 630 (NApr.)
1090 549 1280 615 anteceden-

156 661 247 726 tibus
271 653 446 722 enuntiatis
474 648 560 737 ᾦ-
585 653 691 716 ἔδωκεν
719 658 752 719 ei
776 677 795 737 cs
819 689 862 701 —
886 639 1075 740 ἐγκεχείρικεν
1102 661 1218 738 motus
1246 656 1280 722 in
1345 735 1347 742 y

160 772 187 853 ᾧ
208 763 349 848 φυλάττει
372 756 553 842 corruptos)
592 763 619 843 Ι,
646 767 687 828 60
712 766 820 845 antem
842 761 1005 846 λυσιτελὴς
1027 762 1046 844 ἦ
1072 762 1217 848 (NApr.)
1241 783 1281 832 ex

160 869 341 952 λυσιτελὴσῃ
376 851 481 934 ortum
516 885 601 951 esse,
636 868 708 949 quis
743 873 794 935 ost
828 869 882 950 qui
915 869 1034 951 neget?
1089 869 1136 939 Ar
1173 875 1281 937 autem

162 973 318 1046 λυσιτελὲς
341 995 361 1056 p
381 973 519 1056 scripsit
557 975 669 1041 Etiam
684 975 760 1040 Diu.
776 976 824 1058 ΙΙ,
842 980 873 1058 3,
890 977 946 1041 ubi
960 977 995 1043 N
1010 975 1163 1060 νενήσεσνΨ
1181 974 1279 1059 αὐτὸν,

158 1084 242 1167 Apr.
259 1079 415 1166 μνήσασθ’
434 1079 532 1156 αὐτὸν,
557 1082 608 1152 A1
632 1080 804 1164 pertinacior
821 1080 908 1144 αὐτὸν
931 1083 1146 1164 tradiderunt,
1171 1083 1204 1150 A
1229 1102 1279 1148 ar·

159 1190 258 1257 bitrio
282 1208 339 1255 suo
362 1187 535 1254 indulsisse
558 1187 716 1254 exIstimo.
753 1189 824 1256 Nec
846 1189 950 1254 minus
973 1190 1034 1256 boc
1052 1190 1092 1257 de
1111 1191 1184 1256 aliis
1203 1210 1280 1258 uou-

158 1298 256 1365 uullis
278 1295 358 1362 locis
382 1294 549 1360 dicendum
570 1299 631 1376 est,
652 1295 707 1361 ubi
723 1295 757 1362 A
773 1295 886 1360 statim
901 1297 1072 1378 archetypi
1087 1297 1282 1380 scripturam

163 1401 355 1472 emendavit
378 1402 418 1467 In
431 1403 477 1468 eis
489 1401 567 1468 mihi
578 1421 643 1468 uon
653 1401 784 1469 uidetur
796 1424 868 1470 esse
879 1404 957 1471 Aut.
967 1405 995 1487 Ι,
1008 1405 1282 1488 sauoiApe'vra

164 1509 207 1595 τῷ
229 1529 286 1598 pro
311 1510 362 1591 μέν
387 1529 420 1591 γε
442 1506 485 1592 τῷ
508 1505 571 1594 (Ν)
593 1505 764 1595 scripsit.2)
808 1512 924 1593 Neque
938 1509 1092 1591 AntVI,
1113 1516 1152 1578 21
1178 1513 1283 1578 locum

163 1635 295 1700 prorsus
318 1621 504 1682 truncatum
528 1616 634 1700 laudo,
662 1615 718 1681 ubi
740 1617 773 1684 N
796 1619 984 1700 suppeditat
1007 1618 1196 1704 πρακάθισταν
1219 1613 1281 1700 pfl)

162 1725 196 1792 A
218 1721 438 1810 προκαθῆσθαι,
463 1722 501 1797 εἰ,
527 1743 622 1805 quam
650 1724 690 1789 ob
718 1743 786 1789 rem
808 1725 906 1790 Blass
930 1724 965 1790 Α
986 1726 1154 1792 librarium
1181 1728 1281 1792 maui-

161 1833 268 1900 iestae
294 1830 554 1913 interpolationis
582 1829 756 1896 insimulat.
779 1830 894 1914 (praef.
912 1831 947 1914 'p
970 1830 1128 1914 XXIH).
1173 1832 1283 1899 Etiam

163 1957 219 2006 eos
239 1940 327 2004 locos
347 1937 474 2004 silentio
494 1948 676 2022 praetereo,
697 1937 753 2002 ubi
773 1939 984 2021 archetypum
1001 1941 1112 2006 varias
1128 1939 1282 2006 lectiones

165 2045 318 2112 babuisse
339 2044 410 2110 veri
432 2043 627 2110 simillimum
654 2048 714 2126 est,
742 2050 779 2109 ut
801 2043 883 2111 Aut.
905 2046 952 2125 II,
977 2066 1003 2127 ν,
1029 2051 1048 2112 6
1073 2045 1116 2129 (Α
1144 2045 1281 2122 κίνδυνον,

165 2153 200 2220 N
223 2150 333 2233 ἀνῶνα)
357 2156 391 2217 et
413 2151 476 2232 IV.
503 2148 529 2232 β,
553 2147 639 2234 4(Α
654 2147 783 2236 torpa,
800 2151 834 2218 N
851 2150 1018 2238 rosrrst
1063 2153 1150 2220 Nam
1172 2171 1282 2233 quam-

164 2277 259 2340 quam
286 2259 365 2324 mihi
388 2275 578 2340 persuasum
606 2262 658 2323 est
681 2257 897 2324 Oxouiensem
920 2259 1091 2342 genuinam
1113 2260 1283 2326 lectionem

165 2365 351 2430 servavisse
379 2363 433 2447 (cl.
456 2363 533 2430 Diu.
556 2364 589 2444 l,
621 2367 684 2428 107
709 2372 742 2428 et
771 2369 848 2444 109,
878 2365 934 2431 ubi
957 2365 1039 2448 Apr.
1063 2372 1177 2432 contra
1198 2363 1280 2434 NA1

165 2471 200 2534 in
216 2470 335 2534 eisdem
353 2469 462 2534 verbis
485 2466 633 2551 erravit),
657 2471 692 2536 in
714 2469 777 2537 illis
793 2473 959 2538 vocabulis
976 2491 1165 2554 quemquam
1185 2471 1281 2538 offen·

168 2573 256 2641 disse
278 2593 341 2640 non
369 2575 472 2642 credo.
517 2577 607 2643 Idem
636 2577 742 2642 sentio
769 2577 809 2643 de
831 2577 908 2643 Diu.
930 2579 959 2660 Ι,
985 2583 1027 2646 27
1052 2579 1120 2661 (τῆς
1143 2579 1283 2665 πονηρίας

164 2682 213 2761 Α,
239 2686 299 2742 τῶν
324 2680 507 2764 ἀδικημάτων
529 2680 586 2766 N),
617 2684 692 2750 Din.
716 2687 748 2764 I,
774 2689 816 2752 58
842 2681 932 2770 (κατὰ
954 2684 1005 2746 τὸν
1029 2689 1117 2768 νόμον
1140 2687 1183 2769 N,
1208 2685 1284 2747 κατὰ

163 2785 234 2856 τοὺς
257 2791 363 2869 νόμους
387 2786 446 2874 Α),
470 2791 547 2857 Diu.
565 2792 593 2872 Ι,
612 2795 653 2858 87
671 2788 788 2874 (γνῶσιν
804 2793 846 2875 Ν,
865 2793 983 2874 γνώμην
1000 2791 1058 2876 Α),
1080 2793 1155 2859 Dim
1171 2794 1199 2874 l,
1219 2798 1281 2859 111

165 2893 384 2980 (προσελήλυθε
400 2893 471 2982 πρὸς
488 2896 521 2957 τὸ
540 2897 744 2960 πολιτεύεσθαι
759 2899 803 2980 Ν,
815 2898 1039 2984 προσελήλυθεν
1055 2899 1097 2968 εἰς
1112 2921 1139 2962 τ.
1153 2921 1182 2962 π.
1196 2896 1284 2985 A),4)

168 3003 280 3084 quibus
312 3003 391 3071 locis
420 3005 518 3070 Blass
546 3010 580 3070 et
610 3005 777 3072 'Ihalheim
805 3004 858 3090 (cf.
886 3007 1184 3072 commentationem
1216 3008 1284 3074 eius

164 3107 205 3174 dc
228 3109 387 3176 Dinarchi
409 3111 573 3178 codicibus
586 3115 629 3195 'p.
651 3119 680 3196 7,
705 3111 739 3194 8)
763 3132 820 3180 suo
844 3115 915 3180 iure
938 3114 1117 3182 Oxouiensi
1140 3114 1285 3182 obsecuti

163 3221 247 3282 sunt.
284 3217 395 3282 liliam
415 3217 497 3284 Ant.
512 3217 574 3299 1v,
593 3239 620 3293 α,
639 3223 658 3284 2
680 3216 786 3303 (φῦλον
807 3221 851 3304 N,
868 3223 951 3304 pison
973 3216 1020 3304 Α)
1036 3221 1100 3286 iam
1119 3221 1152 3286 in
1173 3222 1284 3288 arche·

163 3325 242 3404 typo
258 3324 340 3404 νὲνοσ
356 3325 518 3406 glossema
536 3325 636 3393 brisso
656 3345 779 3410 censeo,
802 3327 887 3408 quod
906 3328 941 3394 A
960 3347 1018 3409 pro
1042 3347 1123 3394 vera
1144 3329 1285 3396 lectione

162 3427 257 3513 φῦλον
283 3427 444 3513 recepit.⁵)
498 3432 655 3500 Fortasse
688 3435 799 3502 eadem
830 3453 930 3501 causa
955 3441 1136 3517 temporum
1164 3435 1284 3502 discre-

234 3691 256 3764 1)
275 3697 372 3766 Itaque
394 3699 422 3766 A
449 3701 542 3756 eodem
569 3701 627 3756 loco
655 3701 737 3755 etiam
766 3697 779 3750 ὃ
802 3695 974 3770 διαπεφύλαχε
999 3701 1031 3756 de
1054 3699 1189 3756 industria
1211 3701 1239 3755 iu
1263 3694 1283 3769 «ἶ

163 3790 284 3840 mutasse
302 3785 331 3840 iu
349 3788 492 3855 propatulo
511 3797 561 3844 est.
600 3787 646 3856 (cf.
665 3789 753 3844 Oobu:
771 3791 868 3844 Herm.
886 3792 940 3846 vol.
959 3791 994 3844 22
1014 3807 1040 3858 p.
1060 3789 1115 3857 71.)

232 3870 256 3942 ²)
274 3876 308 3930 cf.
322 3875 489 3932 Grailunder
505 3877 524 3932 l.
537 3879 555 3932 l.
569 3895 594 3946 p.
610 3879 644 3934 15
657 3884 685 3933 et
697 3879 810 3934 schefer
823 3880 878 3947 (De
890 3879 1078 3934 nonnullarum
1091 3877 1285 3946 particularum

162 3964 234 4032 apud
251 3964 452 4034 Antiphontem
469 3981 528 4024 usu.
551 3967 659 4025 dissert.
679 3968 805 4040 Gottiug.
825 3969 895 4025 1877
913 3987 939 4038 p.
958 3967 1013 4037 44).
1037 3967 1082 4036 qui
1104 3983 1132 4036 ps
1150 3967 1285 4036 particula

161 4053 263 4112 omissa
282 4049 331 4124 ἐγὼ
351 4050 395 4123 μὲν
414 4054 450 4124 τῷ
468 4055 549 4111 scribi
567 4057 634 4112 vult.
710 4079 712 4086 >

233 4139 255 4210 B)
275 4144 308 4198 cl.
327 4145 473 4200 Jerustedt
491 4145 525 4198 ad
543 4145 568 4200 h.
587 4146 605 4200 l.
625 4150 654 4200 et
671 4147 765 4202 Blass:
783 4148 868 4216 praef.
887 4164 912 4215 p.
931 4145 1021 4202 XXII
1040 4149 1069 4198 et
1086 4144 1199 4200 XXIII.

233 4227 255 4300 ⁴)
275 4231 309 4288 cf.
327 4233 392 4288 Diu.
412 4235 450 4303 II,
470 4236 515 4290 15:
534 4229 596 4305 πρὸς
614 4230 748 4304 cipricitin
766 4231 953 4306 προσελήλυθε.

233 4317 255 4388 ⁵)
275 4321 309 4376 oi.
322 4320 435 4378 Gucuel:
454 4325 534 4379 Essai
548 4340 594 4379 sur
606 4324 633 4378 la
645 4323 745 4392 langue
763 4331 792 4378 et
809 4324 835 4378 le
854 4323 925 4393 style
944 4323 976 4378 de
994 4322 1122 4379 l'orateur
1134 4323 1283 4392 Antiphon.

161 4424 187 4478 p.
207 4409 250 4463 22.
270 4409 314 4466 23.
