3168 4976
826 336 847 396 4

270 547 400 628 phontis
428 545 598 612 orationes.
645 544 763 612 Gissae
792 545 891 626 1869)
925 545 1115 629 opinionem,
1149 547 1205 628 qui
1236 549 1266 614 B
1293 549 1395 614 codici

272 653 473 734 aliquantum
489 651 694 718 auctoritatis
709 651 836 733 tribuit,
853 653 951 718 Blass
969 648 1060 736 (edit.
1071 651 1210 736 Antiph.
1223 655 1276 723 alt.
1292 655 1393 738 praei.

270 781 300 842 p.
311 761 383 830 VH
392 756 485 844 seqq)
495 765 528 824 et
536 759 562 826 J
564 758 711 824 ernstedt
723 755 814 843 (edit.
824 757 962 841 Antiph.
971 758 1072 841 praef.
1084 781 1113 842 p.
1123 759 1393 846 XIX-XXII)

272 883 329 935 suo
367 868 438 933 iure
475 867 657 932 reiecerunt
695 883 867 946 eorumque
901 867 1095 932 sententiam
1129 871 1174 934 Η.
1207 870 1395 937 Buermann

273 973 431 1057 (Hermae
456 973 519 1039 vol.
542 969 652 1040 XVII
679 993 709 1054 p.
734 977 797 1038 885
827 977 860 1038 et
888 969 967 1056 386)
994 972 1166 1040 luculentis
1194 978 1394 1058 argumentis

256 1074 511 1160 Ι111111111111111)
556 1080 628 1146 Ν11
649 1079 754 1144 minus
780 1079 866 1144 inter
894 1098 1002 1145 omnes
1031 1085 1161 1146 constat
1183 1080 1217 1148 A
1241 1087 1274 1146 et
1295 1083 1329 1149 N
1352 1083 1394 1148 ad

272 1206 370 1252 unum
393 1185 556 1268 exemplar
578 1183 693 1250 redire.
732 1182 786 1269 (ci.
804 1184 1005 1252 Graffunder
1026 1186 1047 1251 l.
1071 1205 1098 1251 c.
1120 1207 1150 1269 p.
1171 1185 1280 1269 3-5.)
1319 1192 1394 1258 Jam

273 1294 375 1375 igitur
403 1293 446 1358 ad
472 1293 560 1374 ipsos
582 1292 708 1358 codices
731 1290 765 1358 A
789 1296 822 1355 et
843 1291 878 1357 N
901 1291 1131 1358 examinandos
1157 1295 1395 1376 aggrediamur.

273 1401 417 1485 Quorum
433 1400 570 1464 alterum
585 1397 619 1466 A
639 1397 763 1466 aemule
779 1398 812 1464 N
832 1415 902 1462 eam
923 1399 963 1463 ob
987 1415 1118 1464 causam
1140 1399 1204 1464 fide
1226 1407 1397 1481 praestare

273 1505 473 1574 Graiiunder
488 1505 620 1586 iudicat,
645 1504 730 1586 quod
745 1504 779 1572 A
799 1504 952 1570 librarius
973 1505 1113 1571 codicem
1134 1505 1331 1588 descriptum
1354 1511 1396 1575 ab

271 1612 364 1678 initio
392 1631 493 1694 usque
521 1613 563 1678 ad
589 1612 685 1678 finem
712 1611 829 1677 iterum
856 1611 1107 1693 perlustraverit
1134 1616 1168 1678 et
1189 1612 1282 1694 vitia,
1312 1631 1396 1693 quae

273 1738 383 1784 errore
406 1719 591 1801 admiserat,
616 1711 832 1801 correxerit2)
855 1713 1125 1800 (ciGraffimder
1146 1717 1212 1784 11
1233 1738 1262 1800 p.
1284 1716 1394 1801 6-8.)

272 1825 364 1891 Idem
375 1825 409 1890 in
422 1825 612 1908 corrigendo
623 1843 687 1890 non
703 1824 804 1890 solum
816 1825 988 1890 verborum
1004 1824 1221 1890 collocationis
1237 1826 1395 1892 rationem

271 1932 395 2015 habuit,
420 1932 478 1998 sed
501 1931 599 1998 etiam
622 1933 664 1997 ad
687 1930 899 2026 aspirationis
920 1936 954 1996 et
976 1938 1103 1996 ceteras
1123 1931 1395 2013 pronuntiationis

271 2042 366 2104 notas
389 2039 528 2104 animum
551 2031 729 2118 attendit³)

362 2141 429 2212 Sed
445 2146 507 2211 hae
522 2144 737 2211 correctiones
757 2161 797 2208 ea
819 2147 946 2208 tantum
969 2142 1154 2207 condicione
1171 2142 1206 2210 A
1228 2143 1397 2209 hbrarium

274 2252 308 2318 N
340 2251 475 2317 11111111
509 2249 680 2333 diligentia
713 2256 748 2315 et
780 2248 844 2314 fide
874 2250 972 2332 longe
1005 2254 1177 2330 praestare
1212 2248 1396 2314 testimonio

273 2364 391 2441 essent,
421 2359 449 2426 si
476 2359 523 2425 eis
551 2357 657 2423 omnia
684 2356 767 2422 vitia
794 2356 924 2422 sublata
948 2361 1056 2422 essent
1081 2354 1135 2421 vel
1160 2353 1292 2420 minima
1318 2373 1396 2436 pars

273 2467 388 2534 relicta
422 2471 518 2532 esset.
568 2464 642 2550 Qua
674 2465 714 2530 de
745 2481 782 2529 re
813 2467 851 2529 ut
884 2469 1007 2529 eertum
1041 2460 1195 2527 iudicium
1227 2459 1395 2542 faciamus,

275 2573 381 2639 omnia
405 2572 502 2654 vitia,
530 2591 614 2653 quae
639 2577 776 2652 uterque
802 2569 955 2634 librarius
982 2569 1017 2633 in
1044 2568 1158 2648 quinta
1181 2567 1396 2648 Antiphontis

275 2680 423 2746 oratione
446 2676 643 2761 commisit‚4)
668 2675 786 2743 afferre
807 2675 884 2740 mihi
907 2674 1013 2740 liceat

362 2786 428 2851 His
451 2785 530 2852 locis
554 2786 588 2851 N
610 2785 771 2866 peccavit:

362 2894 438 2976 hyp.
461 2891 629 2953 λωποδὶτασ
652 2928 695 2936 -
718 2887 899 2954 λωποδύτας.

363 2996 382 3084 ξ
408 3005 458 3066 11.
511 2999 596 3084 ὅρκον
621 3034 661 3042 -
686 2997 770 3083 ὅρκον

511 3105 601 3166 οἰκεία
624 3139 666 3149 -
691 3103 764 3164 οἰκία

363 3317 380 3400 ἓ
407 3325 457 3384 12.
508 3211 723 3403 σῆυμπαρῖλθὼν
748 3352 788 3361 -
814 3311 847 3375 σὺ
873 3309 1032 3399 παρελθὼν

512 3421 605 3510 εὑρὼν
629 3459 671 3468 -
695 3418 823 3508 ἐξευρὼν

514 3530 598 3615 opnor
622 3565 661 3574 —
688 3528 784 3615 ὅρκον.

366 3635 384 3721 ξ
410 3641 460 3702 13.
512 3635 694 3720 ἀλλῳχόμην
719 3671 759 3680 -
784 3628 989 3719 ἀλλ’ᾠχόμην.

348 3863 371 3934 1)
392 3866 528 3925 11111111
547 3867 657 3922 Gucuel:
684 3865 767 3921 111111
791 3881 837 3920 sur
858 3865 887 3918 la
909 3865 1010 3932 langue
1034 3867 1063 3917 et
1080 3863 1107 3917 le
1130 3862 1200 3930 style
1217 3859 1251 3912 'de
1268 3855 1399 3910 l'orateur

278 3956 428 4024 Antiphon.
465 3955 546 4011 Paris
565 3957 643 4024 1886,
663 3972 688 4024 p.
707 3955 785 4010 3—5.

347 4041 810 4115 2)1111111111111111111111111111
833 4046 904 4103 sunt.
931 4041 1039 4096 silentio
1063 4035 1313 4109 praetermittimus.
1352 4030 1398 4101 (ef.

279 4135 361 4189 Blass
380 4135 465 4204 praei.
483 4135 637 4190 XII-XV
656 4141 684 4188 et
702 4131 865 4188 Graffirnder
882 4132 900 4186 l.
920 4147 942 4184 c.
963 4148 988 4199 p.
1008 4129 1046 4197 6.)

348 4218 370 4292 ⁸)
389 4224 453 4278 Din.
472 4225 495 4288 Ι,
512 4224 547 4279 87
567 4239 621 4278 non
638 4223 673 4291 A,
695 4222 743 4277 sed
761 4221 848 4276 altera
866 4237 962 4275 monus
982 4208 1055 4269 αὐταὶ
1074 4233 1108 4271 ex
1128 4211 1202 4266 αὗται
1219 4211 1350 4269 restituit

348 4309 370 4378 4)
388 4314 461 4367 locos
486 4313 580 4368 dubios
605 4327 689 4380 eoque
714 4311 790 4378 vitia,
815 4325 884 4378 quae
910 4309 1017 4376 utrique
1042 4305 1127 4360 codici
1156 4302 1305 4358 communia
1329 4305 1400 4368 sunt,

282 4399 386 4456 omitto.
