3168 4976
881 361 923 422 34

793 443 1006 455 *—

337 565 357 628 l.
376 563 397 627 l.
416 583 446 644 p.
467 560 568 646 ussus
590 569 623 628 et
644 565 773 632 Giilkel:
801 568 958 648 Beruage
981 589 1040 634 zur
1064 572 1191 653 Syntax
1216 579 1272 643 des
1295 579 1456 645 Verbums

336 669 402 734 und
418 689 475 736 zur
490 669 705 753 Satzbildung
720 671 772 735 bei
788 672 857 737 dem
871 674 1001 738 Redner
1012 673 1190 757 Antiphon.
1216 685 1345 751 Pessau
1359 691 1454 765 1883,

336 796 366 858 p.
384 773 449 860 37.)
489 777 555 843 Sed
569 777 603 842 N
617 776 750 842 librario
774 776 996 858 suffragantur
1019 780 1220 862 insequentia
1235 795 1347 870 verba,
1373 811 1456 872 quae

336 883 386 948 his
414 883 617 964 respondent,
646 883 724 968 εἴπερ
753 881 823 964 ἐμοῦ
850 883 997 956 θέλοντος
1022 885 1142 972 ἔλεγχον
1165 886 1266 970 λαβεῖν
1290 899 1341 952 τοῦ
1365 903 1455 981 πράρ.

337 1011 433 1070 ματος
455 987 535 1050 αὐτοὶ
556 986 595 1071 μη
612 987 766 1072 ἠθέλησαν
789 989 894 1067 δοῦναι,
919 992 974 1058 ubi
996 989 1027 1054 δὲ
1051 999 1125 1076 post
1148 993 1229 1056 αὐτοί
1250 1016 1311 1062 nun
1336 1009 1454 1066 exstat,

335 1097 408 1165 Nec
422 1105 529 1162 tamen
545 1097 605 1160 hoo
620 1097 702 1162 satis
718 1097 892 1164 testimonii
908 1106 967 1179 est,
990 1119 1051 1180 quo
1069 1102 1101 1166 A
1117 1101 1285 1168 refutetur.
1315 1103 1454 1172 Accedit

336 1212 453 1282 autem,
477 1204 562 1283 quod
585 1199 603 1288 ξ
625 1207 663 1270 11
689 1204 824 1286 legimus
844 1204 869 1264 εἰ
885 1205 963 1266 οὗτοι
981 1242 1020 1252 -
1038 1206 1211 1290 ἠθέλησαν.
1227 1255 1234 1270 .
1248 1255 1256 1270 .
1269 1209 1451 1295 παραδοῦναι,

336 1305 393 1391 ἐρὼ
415 1305 448 1368 δὲ
472 1307 511 1392 μὴ
536 1309 674 1393 ἠθέλησα
697 1308 886 1396 παραλαβεῖν,
911 1313 966 1376 ubi
986 1315 1148 1394 particula
1163 1313 1194 1376 δὲ
1211 1335 1322 1383 carere
1337 1337 1453 1400 nequa·

336 1434 430 1496 quum
464 1435 642 1498 possumne,
679 1423 712 1482 et
743 1419 823 1482 haec
855 1419 956 1482 verba
988 1420 1022 1482 A
1053 1421 1222 1486 librarium
1256 1422 1290 1488 in
1323 1425 1455 1505 laqueos

335 1523 476 1590 illuxisse
499 1524 653 1602 suspicor.

425 1632 505 1696 Ant.
532 1632 583 1710 II,
614 1626 646 1710 β,
676 1634 698 1694 4
730 1628 755 1690 εί
789 1629 843 1714 ηάρ
878 1629 991 1690 τούτων
1026 1633 1161 1694 ἀναιτίων
1197 1633 1289 1694 ὄντων
1325 1635 1354 1694 ἐν
1390 1635 1454 1715 ἐμοὶ

336 1737 490 1818 τ’ἀδίκημα
514 1741 654 1820 φανεῖται,
680 1735 793 1798 τούτων
817 1734 952 1798 ὑπόπτων
977 1738 1069 1798 ὄντων
1093 1735 1150 1820 ἐγω
1177 1739 1297 1812 δικαίως
1320 1740 1453 1826 καθαρὸς

336 1843 451 1926 δοκοίην
480 1842 550 1903 εἶναι
570 1844 613 1924 N,
638 1842 789 1914 δἐἰκότως
813 1844 880 1905 καθ.
904 1843 930 1906 δ.
955 1845 1024 1906 εἶναι
1041 1847 1084 1912 Α.
1113 1845 1267 1917 δἐίκότως
1289 1847 1368 1912 ferri
1390 1868 1453 1914 non

335 1969 430 2032 posse
446 1949 641 2016 Graffunder
665 1947 741 2031 (1.1.
764 1971 794 2032 p.
811 1949 867 2032 80)
892 1953 1046 2018 coneedit.
1081 1952 1239 2020 Attamen
1260 1953 1453 2021 Oxoniensis

335 2058 503 2124 lectionem
534 2056 654 2126 δικαίως
687 2057 820 2139 respuit,
856 2058 973 2138 quippe
1005 2077 1088 2139 quae
1118 2060 1245 2142 legibus
1277 2061 1391 2142 logicis
1425 2061 1454 2126 ei

336 2165 506 2232 adversari
528 2163 688 2230 videatur.
734 2163 799 2230 Sed
822 2164 893 2244 quis
918 2169 969 2229 est
991 2165 1046 2244 qui
1068 2165 1102 2229 in
1124 2167 1185 2230 hac
1208 2166 1455 2233 ratiocinatione

336 2271 489 2338 offendat:
526 2270 582 2356 „si
604 2269 654 2336 his
677 2269 857 2336 insontibus
881 2270 923 2336 ad
945 2290 996 2336 rne
1019 2271 1119 2336 omnis
1148 2271 1242 2352 culpe
1264 2273 1454 2349 revolvitur,

335 2378 463 2446 iustitia
477 2378 631 2460 postulat,
655 2377 758 2442 uthis
782 2378 941 2459 suspectis
965 2395 1025 2460 ego
1047 2377 1177 2458 integer
1191 2377 1345 2444 videar?“
1376 2377 1395 2464 ξ
1413 2385 1454 2444 10

337 2492 454 2565 autem,
486 2503 579 2565 quern
605 2484 709 2548 locum
737 2482 934 2550 Grcffunder
960 2483 1117 2568 laudavit,
1146 2487 1207 2551 hoc
1233 2487 1326 2555 modo
1353 2488 1455 2554 verba

337 2595 523 2658 cohaerent:
560 2590 654 2676 „Nisi
681 2591 807 2672 magnis
834 2590 960 2656 iniuriis
989 2591 1130 2674 acceptis
1154 2593 1452 2676 propugnavissem,

337 2719 399 2766 non
421 2699 493 2766 veri
516 2698 619 2764 simile
641 2697 808 2762 videretur
830 2717 880 2762 me
903 2717 974 2764 eum
996 2695 1225 2764 interfecisse.“
1261 2701 1379 2778 Itaque
1401 2696 1454 2761 hic

337 2808 425 2874 locus
449 2807 490 2870 ab
514 2804 568 2870 illo
591 2805 687 2886 longe
709 2810 902 2886 segregatus
927 2811 977 2870 est
1000 2823 1059 2869 nee
1081 2825 1138 2870 nos
1161 2805 1320 2870 adducere
1335 2808 1452 2884 potest,

273 2963 279 2976 .
337 2919 375 2978 ut
398 2910 590 2980 Oxoniensis
613 2909 780 2976 lectionem
804 2929 1019 2992 aspernemur.

427 3019 508 3100 Ant,
532 3019 579 3098 Π,
605 3038 631 3099 η,
655 3022 675 3082 8
700 3015 732 3078 οὐ
757 3016 811 3102 peip
836 3015 880 3078 ἐπὶ
900 3017 1055 3104 μαρτύρων
1071 3017 1151 3079 ἀλλὰ
1167 3017 1350 3102 κρυπτόμενα
1365 3019 1456 3100 πράσ-

339 3147 419 3188 σεται
442 3125 481 3185 ταί
505 3128 626 3185 τοιαῦτα
648 3125 690 3204 Ν,
720 3127 877 3209 πράσσεται
907 3129 1000 3186 ταῦτα
1023 3125 1065 3190 Α.
1112 3123 1236 3208 Quodsi
1259 3121 1457 3190 Graffunder

339 3235 381 3299 ad
404 3231 630 3313 Orippsianum
658 3229 892 3298 defendendum
920 3231 966 3311 II,
992 3253 1019 3311 α,
1046 3236 1064 3296 5
1092 3226 1167 3313 (ἔστι
1190 3229 1214 3290 δ’
1240 3230 1254 3290 ὁ
1278 3229 1457 3308 διωκόμενος

339 3336 442 3418 οὗτος)
458 3338 580 3417 laudat,
604 3338 692 3404 haud
707 3337 773 3403 scio
795 3357 837 3402 an
857 3337 955 3404 debili
974 3336 1181 3405 fundamento
1202 3337 1334 3400 nitatur.
1369 3335 1456 3401 Nam

339 3446 429 3518 οὖτος
453 3465 493 3510 ex
516 3447 651 3515 τοιοῦτος
675 3444 886 3525 depravatum
914 3463 985 3510 esse
1011 3445 1131 3526 opinor.
1176 3443 1262 3508 Utnt
1285 3447 1343 3523 est,
1372 3461 1456 3506 com-

255 3561 259 3570 '
338 3553 529 3635 parantibus
545 3551 637 3617 nobis
652 3552 700 3634 II,
718 3572 744 3632 r,
761 3557 783 3616 4
801 3549 847 3634 (οὐ
872 3550 925 3637 γὰρ
950 3549 995 3612 ἐπὶ
1018 3557 1086 3621 ταῖς
1110 3547 1258 3619 τοιαύταις
1282 3548 1458 3633 μαρτυρίαις

341 3655 571 3741 βασανίζοντα),
595 3661 642 3740 Π,
664 3658 690 3740 δ,
717 3665 758 3726 12
784 3657 919 3744 (ἀνίατος
943 3653 1000 3743 γὰρ
1024 3657 1043 3740 η
1069 3659 1207 3736 μετάνοια
1229 3659 1288 3716 τῶν
1316 3654 1458 3715 τοιούτων

341 3763 443 3850 ἐστίν),
467 3767 529 3847 IV,
547 3787 575 3842 α,
594 3771 612 3831 6
638 3765 697 3848 (οἷς
723 3765 748 3826 oi
771 3773 896 3826 τοιοῦτοι
919 3761 1122 3848 κολάζονται),
1152 3765 1192 3845 V,
1211 3768 1251 3828 58
1274 3760 1335 3845 (καί
1352 3761 1405 3846 γὰρ
1422 3761 1458 3820 ἂν

339 3876 399 3933 τῶν
427 3871 567 3932 τοιούτων
595 3870 679 3933 ἕνεκα
702 3893 750 3944 τις
773 3870 969 3955 ἀναγκασθείη
994 3875 1080 3932 τοῦτο
1105 3867 1293 3956 ἐργάσασθαι)
1318 3868 1458 3934 elucebit

340 3979 378 4042 ταὶ
400 3983 521 4040 τοιαῦτα
543 3979 746 4046 scribendum
770 3997 849 4044 esse.

428 4086 508 4152 Ant.
525 4087 587 4169 IV,
605 4106 621 4168 η
636 4085 711 4168 hyp.
728 4085 761 4148 ἐκ
775 4084 888 4146 τούτων
909 4083 980 4170 φησί
1002 4083 1152 4166 θαυμάζω
1176 4083 1219 4144 ὅτι
1242 4079 1294 4142 οὐκ
1317 4081 1396 4155 εἰκός
1411 4081 1455 4163 Ν,

340 4191 556 4275 ωωωθ
1455 4221 1457 4224 ·

429 4300 506 4366 Sine
533 4299 619 4366 iusta
647 4319 745 4365 causa
774 4300 970 4368 Graffunder
996 4301 1030 4366 N
1058 4299 1096 4364 ob
1129 4299 1190 4362 hoc
1216 4295 1331 4362 vitium
1358 4296 1456 4362 inter·

341 4407 511 4490 polationis
534 4407 739 4474 insimulavit.
786 4404 838 4490 (ci.
862 4409 972 4474 Blass:
998 4406 1074 4472 edit.
1098 4408 1177 4474 Ant.
1200 4425 1230 4487 p.
1255 4401 1318 4485 49.)
