3168 4976
782 340 994 436 Ar..-

327 547 419 612 Dem.
435 549 492 614 ΙΙΙ
513 550 589 630 hyp.
613 545 643 608 ἐν
666 544 698 610 δὲ
721 547 817 631 τούτῳ
841 545 884 631 τῷ
907 548 997 632 λόγῳ,
1022 550 1074 616 Vl
1096 552 1170 633 hyp.
1194 551 1239 613 διοί
1265 551 1368 614 τούτου
1393 558 1446 614 τοῦ

285 733 287 738 ,
326 651 425 734 legno,
449 651 521 725 VII
543 656 619 736 hyp.
642 653 727 742 οὗτος
751 654 766 714 ὁ
789 653 887 736 λόγος,
916 655 1007 725 VIII
1029 655 1103 734 hyp.
1127 655 1141 714 ὁ
1165 656 1253 739 λόγος
1277 657 1362 728 οὗτος
1385 666 1446 726 eto.

416 759 488 828 Nec
509 760 614 844 magis
638 759 805 839 diiudices,
827 747 935 824 utrum
959 756 978 844 fi
1005 764 1047 826 14
1069 760 1241 826 secundum
1257 767 1290 830 N
1314 765 1342 848 (ὁ
1368 762 1446 848 ἀγὼν

325 865 390 953 περὶ
412 867 517 928 τούτου
540 864 588 928 καί
610 863 673 950 περὶ
697 868 756 924 τῶν
780 863 895 947 ἄλλων)
918 865 1114 948 praepositio
1134 869 1311 948 repetenda
1326 872 1370 937 sic
1385 891 1445 939 nee

325 990 367 1038 ne
390 970 451 1058 (καί
474 977 534 1032 τῶν
557 969 659 1032 ἄλλων
682 964 773 1054 A).¹)

414 1077 516 1160 §123
542 1076 768 1158 Orippsianum
791 1076 846 1161 (μὴ
871 1078 1047 1162 ἀποκτεῖναι)
1070 1080 1266 1162 sequendum
1288 1086 1380 1148 retus
1402 1083 1444 1167 μὴ

327 1183 379 1246 οὐκ
394 1186 558 1246 ἀποκτεῖναι
573 1179 634 1268 (Ν)
651 1203 692 1250 ex
706 1184 801 1252 varie
815 1185 953 1251 lectione
969 1186 1125 1270 originem
1142 1187 1272 1254 duxisse
1292 1189 1444 1270 suspicor.

413 1291 448 1358 N
462 1290 497 1357 in
510 1291 658 1375 Lycurgi
673 1290 828 1371 oratione,
853 1309 936 1371 queo
951 1295 1093 1357 oetatem
1115 1293 1201 1376 tulit,
1225 1295 1306 1360 nihil
1328 1295 1443 1379 omisit,

325 1397 389 1465 nisi
410 1398 497 1464 forte
520 1393 625 1466 credis
640 1395 660 1482 ἓ
677 1403 718 1462 27
737 1397 930 1478 Orippsiono
953 1402 1087 1464 anctore
1108 1399 1288 1482 παράδειγμα
1310 1405 1446 1485 ποιήσετε

325 1511 387 1573 τοῖς
411 1505 514 1574 ἄλλοις
537 1503 701 1590 ἀνθρώποις
724 1501 770 1586 (Ν
787 1523 847 1570 om.
869 1499 1046 1588 ἀνθρώποις)
1068 1504 1240 1586 legendum
1262 1525 1342 1572 esse.
1381 1501 1447 1576 Sed

326 1608 482 1679 Oohnium
505 1611 538 1694 (l.
561 1611 582 1678 l.
604 1631 636 1693 p.
659 1609 717 1695 61)
739 1610 774 1676 Α
796 1609 963 1677 librarium
990 1609 1077 1694 aptis
1100 1610 1300 1692 argumentis
1323 1612 1446 1678 resuta·

325 1719 413 1786 visse
434 1717 550 1784 iudico.
596 1720 673 1788 Jem
696 1717 810 1800 igitur,
837 1723 875 1782 ut
900 1717 1046 1784 breviter
1069 1717 1272 1798 complector,
1299 1719 1447 1798 quoodo

324 1824 434 1893 verbis
466 1823 592 1890 omissis
625 1822 803 1906 disputavi,
835 1823 869 1890 id
900 1823 1107 1890 statuendum
1134 1827 1185 1888 est
1210 1827 1380 1904 utrumque
1406 1823 1444 1914 li·

325 1931 468 1998 brorium
500 1930 575 2014 peri
606 1929 675 1996 iere
707 1935 827 1997 eventu
858 1930 1029 1996 erravisse.
1082 1929 1199 2012 Neque
1230 1929 1315 2010 quod
1346 1931 1378 1998 N
1411 1930 1446 1995 in

325 2039 507 2106 Leoorcteu
534 2031 689 2104 eiusmodi
715 2037 842 2120 peccati
865 2037 1054 2104 convincere
1076 2054 1140 2102 uon
1166 2036 1343 2118 potuimus,
1370 2019 1447 2102 inde

324 2145 459 2212 multum
475 2145 665 2212 concludere
679 2141 768 2226 licet,
791 2143 941 2226 quoniam
956 2137 1090 2210 dimidie
1103 2141 1173 2210 fere
1191 2161 1269 2224 pers
1289 2143 1446 2210 orationis

325 2253 360 2320 in
383 2253 561 2322 Oxoniensi
582 2257 762 2336 temporum
784 2247 999 2318 diuturnitate
1021 2253 1210 2332 consumpte
1232 2255 1291 2316 est

415 2362 440 2430 J
441 2378 493 2426 em
514 2360 610 2426 venio
627 2360 670 2426 ed
689 2358 909 2442 quaestionem
930 2355 1026 2424 facile
1048 2356 1186 2423 omnium
1208 2357 1446 2439 gravissimum,

327 2485 391 2547 que
406 2466 446 2532 de
462 2484 560 2532 cause
575 2464 609 2532 A
625 2471 658 2532 et
673 2467 707 2533 N
729 2467 763 2531 in
782 2465 955 2532 verborum
978 2460 1187 2531 collocatione
1210 2462 1339 2545 saepius
1361 2463 1448 2530 inter

325 2591 362 2639 se
384 2571 545 2639 different.
582 2571 636 2638 Ac
652 2571 849 2640 Greffunder
864 2569 898 2654 (1.
914 2590 940 2638 o.
955 2591 985 2654 p.
1003 2575 1043 2637 21
1061 2568 1162 2652 sequ)
1186 2569 1314 2652 quidem
1337 2576 1448 2637 censet

325 2681 360 2748 A
391 2679 559 2748 librarium
592 2679 736 2744 ordinem
767 2678 955 2758 verborum,
987 2677 1043 2759 qui
1073 2677 1107 2744 iu
1134 2677 1311 2760 archetypo
1335 2671 1445 2758 luerit,

325 2787 418 2854 nobis
427 2785 732 2868 trudere,Ncutem
740 2804 798 2852 suo
808 2779 944 2852 arbitrio
955 2785 1057 2852 verba
1065 2784 1191 2850 tradito
1199 2781 1447 2865 nansposuisse.

324 2891 548 2976 Investigcvit
574 2893 658 2959 enim
685 2893 741 2960 ille
767 2895 800 2961 N
826 2892 994 2958 librarium
1026 2895 1134 2958 certes
1165 2891 1257 2976 leges
1282 2889 1317 2954 in
1344 2907 1385 2956 eu
1410 2906 1448 2954 re

325 3005 473 3068 secutum
494 3019 575 3068 esse.
615 2998 717 3071 Velut
739 3019 811 3066 eum
833 3003 976 3081 accusat,
1000 2999 1192 3080 quodquod
1214 3014 1312 3064 sensu
1334 2996 1447 3062 cohoe-

326 3114 432 3190 recnt‚
449 3107 596 3189 quemvis
611 3107 646 3174 in
661 3107 839 3190 archetypo
855 3104 928 3172 eliis
943 3105 1053 3172 verbis
1067 3108 1246 3188 segregate
1260 3103 1391 3182 fuerint,
1407 3118 1446 3164 ee

326 3213 461 3298 propius
482 3213 698 3281 cohoceverit
737 3205 809 3300 Quo
832 3211 939 3280 studio
961 3210 1131 3293 impulsum
1153 3229 1225 3276 eum
1247 3207 1326 3274 Ant
1349 3208 1377 3287 I,
1403 3202 1444 3272 11

327 3318 456 3382 κελεὺων
473 3317 625 3402 βασανίσαι
640 3318 703 3382 ἀντ’
721 3317 791 3400 ἐμοῦ
806 3337 865 3400 pro
880 3316 1010 3380 κελεύων
1026 3315 1089 3380 ἀντ’
1111 3315 1182 3397 ἐμοῦ
1206 3311 1357 3395 βασανίσαι
1372 3309 1445 3397 (A),

327 3419 391 3508 IV,
406 3447 432 3508 ρ,
450 3434 468 3492 6
486 3425 519 3488 ἐκ
533 3424 643 3494 παντὸς
656 3423 764 3512 τρίτου
782 3423 974 3511 ἐλεγχόμενος
990 3426 1153 3486 ἀποκτείναι
1168 3439 1228 3502 pro
1247 3417 1446 3504 ἐλεγχόμενος

327 3531 360 3594 ἐκ
373 3531 485 3600 παντὸς
498 3535 605 3619 τρόπου
621 3533 785 3594 ἀποκτείναι
800 3530 874 3616 (Α),
895 3535 938 3613 V,
956 3537 997 3598 73
1014 3528 1073 3616 χρὴ
1089 3523 1233 3612 ρίρνεσίλαι
1253 3524 1298 3588 ἀεί
1312 3546 1371 3608 pre
1387 3524 1447 3612 χρὴ

327 3637 371 3700 ἀεὶ
387 3633 531 3722 ρίρνεαίλαι
545 3635 621 3726 (A),
639 3639 717 3706 Din.
732 3633 782 3724 II,
805 3644 846 3707 18
863 3638 904 3700 ὠν
920 3635 1002 3700 οὐδὲν
1018 3639 1053 3697 ἂν
1069 3635 1130 3720 ἔχοι
1148 3628 1240 3714 λεῖξαι
1260 3630 1446 3715 συμβεβηκὸς

211 3799 214 3808 .
322 3741 553 3834 Ἀριστογείτων
580 3745 661 3831 αὐτῷ
688 3767 746 3830 pro
774 3743 857 3809 οὐδὲν
880 3747 915 3806 ἂν
938 3745 999 3831 ἔχοι
1022 3737 1209 3826 συμβεβηκὸς
1227 3736 1446 3826 Ἀριστογείτων

329 3851 410 3938 αὐτῷ
419 3850 509 3934 δεῖξαι
521 3853 699 3938 scripsisse.
726 3853 897 3935 NempeN
910 3845 1446 3927 Greffunderoiudicenonpassus

327 3966 380 4028 est
399 3960 593 4030 infinitivum
616 3966 649 4028 et
671 3961 805 4027 uerbum
827 3979 945 4043 regens
967 3959 1030 4026 alio
1052 3958 1155 4026 verbo
1178 3952 1334 4020 distinem
1380 3951 1446 4020 Sed

326 4069 408 4136 hoec
431 4068 627 4136 consuetudo
644 4066 860 4150 Antiphontis
877 4064 1081 4149 simplicitati
1100 4076 1233 4146 prorsus
1255 4053 1448 4144 movente

399 4223 420 4296 1)
440 4229 473 4282 of.
493 4228 570 4284 Gohn
586 4228 606 4284 l.
624 4244 645 4283 c.
664 4244 694 4296 pt
711 4227 753 4282 69.

398 4305 422 4385 ⁹)
441 4334 467 4372 v.
481 4318 583 4372 Poleck
595 4318 614 4372 l.
627 4318 645 4372 1.
657 4334 684 4386 p.
697 4316 746 4370 34:
763 4315 804 4371 Ut
815 4315 844 4370 in
855 4312 1113 4384 interrogetionibus
1127 4311 1205 4366 sicin
1218 4309 1328 4378 reliquis
1342 4323 1446 4376 quoque

328 4407 475 4464 enuntietis
486 4425 503 4462 o
513 4403 627 4475 simplici
634 4406 775 4462 verborum
784 4405 959 4460 collocatione
968 4401 1092 4458 recedere
1099 4406 1219 4460 veretur..
1229 4395 1276 4466 (so.
1284 4397 1445 4466 Antiphon.)
