3168 4976
551 333 763 428 ,11-

93 545 185 616 111111
210 549 309 611 caret.
348 547 396 613 Ut
411 546 544 611 verbum
561 543 670 630 elpram,
688 545 740 612 cui
755 563 880 626 semper
897 545 1046 627 spiritum
1066 563 1214 628 asperum

95 654 195 736 dedit,
220 652 349 719 silentio
364 651 633 733 praetermittam,
654 670 723 718 cum
745 652 784 717 de
804 651 921 734 spiritu
936 653 1029 720 huius
1046 652 1138 719 verbi
1154 657 1214 719 sub

94 762 202 828 iudice
224 759 264 824 lis
288 757 342 840 sit,
351 753 377 840 1)
401 758 435 823 id
459 777 667 824 commemoro
691 778 762 826 eum
787 759 866 825 Ant.
883 755 943 841 IV,
961 781 988 840 α,
1008 765 1037 826 3.
1060 761 1121 843 IV,
1138 782 1167 836 α,
1185 765 1213 826 4.

99 871 161 951 IV,
178 864 204 950 β,
223 871 252 933 8.
276 867 337 945 IV,
355 863 380 947 δ,
400 869 440 930 10
464 865 655 932 vocabulum
679 865 828 954 ἀλιτήριος
850 865 968 948 spiritu
991 885 1106 949 aspero
1132 866 1214 932 falso

101 974 274 1042 ornavisse.
314 973 389 1058 Qua
410 970 444 1036 iu
464 989 500 1036 re
517 971 549 1036 A
565 971 734 1038 librarium
756 973 980 1056 neglegentem
996 972 1095 1040 tuisse
1118 973 1214 1039 etIam

99 1081 182 1165 Sigg
210 1083 362 1161 testatur,
392 1077 506 1158 quiin
535 1069 672 1160 epistola
699 1080 741 1145 ad
764 1080 911 1163 Hnginm
934 1079 1121 1162 0111111111
1143 1081 1214 1148 des-

97 1188 243 1256 cribendi
266 1204 365 1252 causa
386 1185 485 1252 missa
509 1185 601 1251 dicit:
629 1185 740 1266 „Statt
756 1185 897 1268 Spiritus
918 1206 1014 1270 asper
1034 1187 1122 1254 steht
1139 1188 1215 1252 sehr

97 1295 146 1363 oft
171 1295 228 1361 der
249 1289 359 1360 11111α
401 1290 455 1375 (cf.
470 1295 560 1376 Hug.
576 1293 596 1357 l.
611 1292 631 1357 l.
647 1311 677 1374 p.
694 1291 738 1376 4.)
782 1293 897 1374 Neque
919 1293 998 1360 mihi
1019 1294 1216 1376 persuadere

97 1403 189 1487 potui
204 1401 284 1468 Ant
299 1401 328 1482 I,
348 1404 389 1465 14
413 1399 641 1481 Orippsianum
664 1398 777 1460 τούτων
801 1398 967 1462 ἐθελόντων
988 1400 1152 1485 (θελόντων
1167 1398 1214 1482 Ν)

96 1529 210 1578 veram
225 1507 390 1574 lectionem
409 1506 603 1589 servavisse,
621 1524 691 1572 oum
707 1507 804 1572 etiam
819 1506 977 1592 Ant.III,
991 1507 1015 1588 1,
1031 1513 1059 1574 3.
1076 1509 1137 1588 IV,
1145 1529 1170 1590 r,
1186 1513 1214 1574 1.

96 1620 125 1699 I,
145 1622 196 1699 11,
219 1621 269 1682 12.
289 1615 331 1696 V,
350 1619 391 1680 95
412 1613 544 1680 brevior
566 1612 670 1680 forma
693 1619 808 1694 exstet,
833 1616 919 1697 apud
942 1615 1084 1698 tragicos
1108 1621 1214 1682 autem

96 1729 210 1807 poetas
244 1741 313 1787 eam
341 1721 530 1802 saepissime
557 1720 623 1801 legi
651 1721 822 1810 Meutzner
850 1720 935 1804 (ann.
959 1722 1070 1788 scient
1094 1722 1214 1804 antiqu.

98 1836 184 1900 1844
212 1851 243 1913 p.
270 1825 349 1912 174)
378 1828 487 1894 multis
520 1827 674 1910 exemplis
707 1827 909 1894 confirmavit
934 1828 1082 1910 idemque
1113 1830 1216 1896 111111

98 1939 229 2006 Atreus
247 1935 314 2022 (De
330 1936 415 2002 11111
433 1941 467 2001 11
490 1935 661 2016 aphaeresi
674 1954 705 2016 p.
722 1932 789 2017 23).
827 1936 945 2016 Itaque
965 1936 1061 2002 etiam
1079 1935 1215 2004 Carolus

100 2045 235 2114 Scheibe
262 2045 338 2128 Lys.
363 2045 470 2124 XXI,
498 2049 538 2109 13
567 2041 712 2108 Palatini
739 2041 857 2108 codicis
885 2042 1079 2110 auctoritate
1111 2049 1215 2110 motus

101 2159 157 2216 τῶν
178 2149 331 2214 θελόντων
355 2145 520 2232 receptur)
567 2152 619 2216 De
646 2146 793 2232 ἠβούλετο
818 2155 925 2216 autem
949 2149 1109 2226 etcinerem,
1134 2169 1214 2232 quas

97 2260 216 2328 formas
234 2258 429 2328 Graiiunder
450 2255 483 2340 (l.
498 2257 518 2322 l.
539 2254 642 2338 148)
662 2256 859 2340 Antiphonti
878 2256 1214 2340 1111111111111111-

97 2385 184 2433 nuno
211 2371 369 2448 certatur,
399 2383 470 2430 cum
498 2363 634 2428 omnium
668 2363 861 2446 scriptorum
889 2363 1014 2430 codices
1041 2383 1155 2446 parum
1181 2363 1213 2430 iu

98 2475 162 2538 hac
194 2491 230 2538 11
262 2465 502 2553 consentienti)
553 2469 753 2556 Quamquam
790 2471 879 2538 tituli
906 2470 1116 2539 Graffunderi
1142 2491 1213 2538 sen·

101 2577 238 2644 tentiam
254 2577 481 2660 commendant,
499 2577 646 2659 quoniam
670 2578 704 2644 hi
728 2583 804 2644 1111
827 2597 944 2644 annum
964 2577 1213 2644 ducentesimum

98 2685 329 2767 octogesimum
362 2690 509 2765 quartum
541 2685 575 2751 in
607 2686 715 2752 Verbis
752 2683 907 2766 βούλομαι,
940 2683 1074 2766 δύναμαι,
1109 2683 1213 2767 μέλλω

97 2795 305 2876 augmentum
329 2811 348 2873 q
372 2811 534 2874 nunquam
560 2793 690 2858 habent.
739 2791 974 2876 (Meisterhans
1001 2795 1023 2860 l.
1045 2811 1072 2859 1.
1094 2813 1124 2876 p.
1148 2790 1213 2876 78.)

99 2900 165 2967 Sed
187 2899 281 2962 εἵνεκα
304 2907 336 2964 11
360 2897 445 2962 ἕνεκα
465 2900 530 2966 iam
555 2899 665 2980 quinto
690 2905 723 2966 et
746 2906 862 2981 quarto
885 2901 1014 2968 saeculo
1038 2900 1214 2968 10111.

98 3005 132 3071 iu
154 3005 256 3072 titulis
280 3005 404 3088 Atticis
426 3007 643 3073 inveniuntur.
678 3004 911 3089 (Meisterhaus
935 3009 954 3074 l.
979 3017 1005 3074 1.
1026 3028 1057 3090 p.
1082 3005 1168 3090 103.)

204 3113 328 3198 Quibus
363 3113 538 3197 disputatis
572 3115 614 3180 ad
647 3115 776 3180 articuli
808 3134 900 3182 usum
934 3114 967 3180 in
1000 3113 1213 3196 Antiphontis

98 3219 256 3286 Dinarchi
283 3221 428 3303 Lycurgi
457 3220 655 3287 orationibus
684 3223 889 3288 tractandum
917 3221 1115 3287 accedamus.
1161 3220 1214 3286 Ac

98 3327 239 3410 gentium
267 3327 394 3410 quidem
421 3329 550 3394 nomina
578 3329 663 3411 apud
691 3327 926 3410 Antiphontem
954 3333 987 3394 et
1014 3328 1213 3396 Dinarchum

97 3430 150 3518 (cf.
167 3433 363 3504 Graffunder
385 3435 406 3499 l.
425 3435 446 3500 l.
466 3440 554 3516 162
579 3432 681 3520 seqq.)
705 3436 841 3501 articulo
865 3440 986 3502 carent.
1031 3435 1108 3502 Din.
1124 3436 1152 3516 Ι,
1172 3439 1211 3500 10

96 3537 171 3624 (τοῖς
189 3537 345 3627 Ἀρκάσιν),
375 3545 407 3622 Ι,
433 3547 474 3608 20
505 3540 578 3625 (τῶν
598 3537 745 3627 Ἀρκάδων
769 3547 802 3608 11
825 3547 891 3614 τοῖς
914 3537 1082 3625 Θηβαίοις),
1112 3544 1144 3624 Ι,
1170 3548 1208 3606 21

203 3695 223 3767 1)
243 3700 276 3753 ci.
290 3699 384 3766 Steph.
397 3701 466 3756 thes.
481 3701 528 3756 III
547 3718 568 3757 s.
581 3717 607 3757 v.
623 3691 699 3771 εἵργω
719 3705 747 3755 11
762 3701 937 3756 Fritsohinm:
956 3702 1024 3756 Zum
1036 3699 1213 3755 Volralismns

95 3789 142 3844 dos
156 3787 390 3844 Herodoteischen
404 3789 555 3846 Dialektes.
593 3791 737 3861 Hamburg
752 3793 821 3848 1888
839 3809 865 3861 p.
878 3793 907 3847 6:
925 3791 968 3846 Im
980 3789 1127 3845 Attischcn
1144 3789 1212 3843 wird

96 3867 207 3945 cippum
224 3877 280 3933 und
299 3866 376 3946 cipro)
395 3878 477 3934 durch
497 3881 548 3934 den
567 3881 724 3938 Hauchlaut
741 3881 955 3936 unterschieden.

200 3962 222 4034 2)
243 3967 329 4022 Oobet
348 3963 484 4036 (mnemos.
505 3985 565 4024 nov.
586 3987 636 4024 ser.
656 3971 710 4026 vol.
723 3971 798 4026 VIII
818 3973 887 4026 1880
905 3987 931 4038 p.
950 3966 1014 4031 873)
1033 3965 1086 4020 nisi
1105 3967 1134 4020 in
1152 3983 1211 4034 pro-

95 4053 194 4110 verbiis
214 4057 372 4121 quibusdam
395 4062 423 4112 et
447 4057 589 4112 sententiis
612 4059 761 4114 breviorem
785 4060 897 4114 formam
920 4073 973 4110 non
998 4055 1112 4109 inveniri
1135 4060 1211 4110 ratus

94 4143 156 4199 aliis
178 4143 245 4198 locis
268 4147 418 4216 longiorem
441 4147 555 4201 formam
577 4145 686 4201 restitui
709 4148 769 4202 vult
791 4147 914 4213 idemque
938 4145 993 4198 fere
1017 4143 1102 4198 sentit
1120 4144 1210 4200 Portu.

95 4231 219 4302 (Quaest.
238 4234 348 4303 Lysiae.
367 4254 424 4306 cap.
444 4235 474 4291 II
493 4252 518 4305 1.
537 4232 575 4304 7.)

200 4318 223 4391 Β)
242 4324 325 4379 Parta
345 4323 373 4393 (l.
390 4327 409 4381 l.
426 4343 451 4396 p.
466 4325 494 4391 6)
513 4340 546 4380 11
570 4323 700 4394 optimum
718 4324 825 4392 quidem
842 4322 1034 4378 Demosthenis
1053 4322 1170 4378 codicem
1188 4316 1209 4372 Σ

93 4411 122 4467 in
140 4412 190 4468 hac
207 4429 237 4469 re
256 4413 308 4469 sibi
326 4421 450 4470 constare
468 4414 566 4472 docuit.
