3168 4976
853 354 896 420 24

312 579 389 626 vero
416 562 559 626 membra
584 565 620 628 et
641 561 771 645 singule
793 566 894 629 verba
921 565 1075 630 orationis
1100 567 1341 652 Antiphonteae
1362 575 1430 654 ple·

311 684 444 748 rumque
467 669 683 736 consecutioni
705 668 908 734 necessariae
932 671 1091 737 adstricta
1114 692 1186 738 esse
1209 678 1339 760 Belling
1362 677 1430 763 (De

310 773 513 856 periodorum
537 773 830 856 Antiphonteerum
855 775 1048 856 symmetria.
1088 779 1310 848 Vratislaviae
1334 791 1429 856 1868.

310 900 341 964 p.
366 863 409 945 84
430 877 531 962 seqq.)
559 879 803 962 demonstravit,
832 879 866 946 id
893 883 978 962 quod
1000 883 1048 948 illi
1071 884 1183 964 generi
1205 885 1332 952 dicendi
1356 911 1429 958 con·

310 987 447 1056 trarium
475 992 534 1054 est.
578 985 707 1053 Maiore
734 987 836 1068 igitur
863 988 959 1057 laude
985 1009 1081 1072 quam
1104 991 1255 1074 Dionysii
1276 993 1428 1065 iudicium

313 1093 446 1162 Caecilii
468 1092 632 1158 Calactini
654 1093 788 1176 dignum
811 1103 870 1178 est,
901 1117 921 1162 a
944 1115 1005 1177 quo
1029 1098 1243 1180 Antiphontis
1267 1101 1428 1168 orationes

313 1199 558 1280 diligentissime
609 1205 771 1266 tractatas
804 1221 893 1268 *esse
939 1209 1068 1270 constat
1115 1202 1160 1289 (v.
1200 1207 1296 1275 Blass
1336 1209 1426 1291 ABI,

311 1326 340 1388 p.
366 1311 428 1372 105
454 1303 565 1387 seqq),
593 1305 643 1374 ita
669 1312 707 1374 ut
729 1308 798 1373 eius
821 1309 973 1374 iudicium
995 1308 1058 1377 iam
1083 1313 1167 1392 apud
1191 1317 1319 1381 veteres
1342 1316 1430 1384 viros

312 1413 423 1480 doctos
438 1415 572 1482 multum
583 1414 719 1480 valeret
750 1413 921 1495 (Brzoscm
946 1416 998 1480 De
1010 1433 1132 1483 canone
1146 1419 1254 1484 decem
1266 1425 1429 1488 oratorum

311 1520 497 1592 Atticorum
520 1521 732 1600 quaestiones.
773 1520 995 1592 Vratislaviae
1019 1526 1113 1588 1883.
1152 1543 1182 1603 p.
1207 1523 1272 1604 25).
1319 1526 1431 1608 Atque

312 1627 392 1697 dicit
412 1627 466 1694 ille
486 1623 529 1692 de
549 1627 690 1706 antiquis
710 1626 907 1694 oratoribus:
933 1625 1114 1698 ἐσπούδαζον
1138 1627 1191 1713 γὰρ
1216 1628 1248 1689 τύ
1274 1631 1342 1690 ὅλον
1366 1633 1430 1717 περὶ

312 1733 367 1818 τὴν
388 1729 469 1812 λέξιν
489 1731 536 1796 καὶ
556 1731 606 1794 τὸν
627 1731 742 1814 ταύτης
763 1735 880 1814 κόσμον,
902 1740 1017 1819 πρῶτον
1037 1731 1088 1816 μὲν
1105 1735 1188 1806 ὅπως
1204 1735 1248 1817 εἴη
1266 1741 1428 1820 σημαντικὴ

312 1861 345 1904 τε
365 1839 412 1902 καὶ
433 1833 583 1924 εὐτρεπὴς
603 1837 682 1921 (τοῖς
703 1839 861 1921 ὀνόμασιν),
886 1840 948 1902 εἶτα
969 1839 1066 1902 δὲκαὶ
1086 1840 1257 1926 ἐναρμόνιος
1277 1841 1296 1926 ἡ
1316 1842 1429 1904 τούτων

313 1947 459 2018 σύνθεσις.
505 1946 655 2031 (Photius
682 1949 751 2014 cod.
775 1953 839 2014 259
863 1969 894 2030 p.
917 1954 981 2018 485
1010 1951 1030 2014 h
1060 1946 1179 2032 Bekk.)
1231 1948 1431 2032 Quamquam

313 2055 466 2148 confiteor
497 2063 531 2120 et
563 2059 744 2122 structuras
776 2056 979 2135 periodorum
1011 2055 1218 2136 simpliciores
1247 2062 1280 2121 et
1307 2074 1430 2137 compo·

312 2162 459 2230 altionem
491 2161 687 2244 solutiorem,
723 2161 916 2242 praesertim
947 2162 975 2228 si
1007 2162 1211 2230 narrationes
1243 2162 1430 2243 perlustres,

311 2269 461 2352 inveniri,
484 2273 593 2334 tamen
616 2287 656 2334 ea
677 2269 815 2336 maxime
829 2268 1000 2333 verborum
1017 2268 1202 2349 compositio
1220 2268 1432 2349 Antiphontis

313 2376 444 2459 propria
475 2385 539 2456 est,
572 2375 607 2446 in
638 2394 702 2455 qua
735 2374 863 2456 singula
895 2374 1127 2443 enuntiationis
1154 2377 1257 2444 verbe
1284 2376 1371 2444 inter
1398 2393 1433 2440 se

313 2484 509 2566 respondent
536 2487 569 2548 et
595 2483 699 2548 verba
725 2482 858 2565 paribus
885 2480 965 2548 locis
987 2483 1156 2562 prodeunt.
1202 2481 1254 2564 (oi.
1270 2482 1433 2550 Wieden·

312 2589 416 2658 heser:
439 2588 653 2671 Antiphontis
677 2607 748 2654 esse
771 2588 957 2668 orationem,
982 2607 1076 2669 quam
1101 2589 1258 2656 editiones
1281 2590 1434 2657 exhibent

313 2697 457 2778 primam.
503 2696 601 2764 Wien
626 2700 720 2762 teet
766 2715 796 2777 p.
822 2695 885 2776 26)
932 2680 1122 2779 quaecum
1150 2696 1198 2762 ita
1225 2697 1300 2776 sint,
1329 2711 1433 2760 nonne

314 2803 426 2876 melius
459 2803 490 2871 ei
520 2802 654 2868 librario
685 2802 720 2868 in
752 2802 961 2870 collocatione
991 2803 1225 2884 particularum
1258 2797 1309 2882 μὲν
1342 2806 1375 2868 et
1401 2796 1434 2864 δὲ

315 2909 574 2992 suffragabimur,
604 2909 693 2976 ouius
716 2909 812 2982 lectio
836 2910 879 2976 ad
901 2927 1003 2991 genus
1026 2909 1153 2976 dicendi
1176 2909 1434 2992 Antiphonteum

315 3017 419 3098 magis
442 3017 583 3097 quadrat
605 3015 820 3097 maioremque
846 3019 982 3098 praehet
1005 3015 1272 3084 concinnitatem?
1318 3019 1435 3095 Itaque

315 3123 394 3190 Ant
410 3124 458 3203 ΙΙ,
476 3143 502 3204 ι,
519 3127 550 3190 8.
572 3123 615 3205 V,
628 3127 691 3188 29.
715 3123 777 3203 VI,
802 3128 853 3190 25.
877 3119 938 3203 VI,
960 3127 1011 3192 29.
1036 3125 1096 3205 VI,
1115 3129 1156 3190 37
1180 3125 1257 3204 quin
1274 3121 1433 3189 Oxonien-

315 3249 382 3299 sem
406 3248 578 3310 sequamur
604 3229 713 3299 facere
739 3247 802 3299 non
825 3249 1001 3312 possumus.
1047 3231 1196 3311 Denique
1221 3227 1434 3296 Graffnndero

316 3336 476 3406 assentior
502 3337 535 3404 N
562 3336 731 3404 librarium
755 3337 835 3404 Ant.
858 3339 919 3418 IV,
948 3337 1044 3404 etit
1072 3338 1161 3421 φόνου
1189 3333 1434 3418 κατηηομίαμιο
1563 3357 1564 3360 ¹

316 3443 476 3528 κατηγορία
497 3444 587 3526 φόνου
611 3439 673 3525 (Α)
698 3449 732 3508 et
754 3443 831 3510 Diu.
853 3447 881 3524 Ι,
908 3448 970 3510 109
994 3440 1123 3509 πολλοὺς
1146 3439 1192 3504 καὶ
1220 3436 1349 3508 καλλούς
1374 3437 1437 3521 (sic

316 3549 517 3628 Thallleimio
540 3547 638 3630 teste)
661 3549 808 3621 κινδύνους
829 3569 887 3631 pro
911 3547 1020 3618 καλούς
1042 3547 1089 3630 καὶ
1112 3543 1242 3616 πολλοὺς
1265 3542 1326 3628 (A)
1354 3548 1436 3618 falso
1563 3623 1564 3626 Ἴ

317 3656 513 3725 exaravisse.
563 3657 777 3740 (v.Lobeck:
806 3652 1125 3739 peruulgatam)
1176 3655 1262 3724 Nam
1289 3653 1436 3736 quamvis
1563 3693 1564 3760 η

316 3771 455 3845 utraque
469 3764 565 3831 lectio
580 3764 660 3832 ferri
683 3765 795 3844 possit,
818 3763 1023 3844 insequentia
1045 3765 1147 3830 verba
1169 3761 1268 3826 nothel
1291 3759 1337 3822 καὶ
1359 3759 1438 3823 καλοὶ

317 3870 534 3956 παραδείγματα
566 3874 598 3940 Ν
631 3872 766 3939 librario
797 3871 906 3938 fraudi
938 3868 1040 3936 fuisse
1072 3870 1232 3939 videntur.
1287 3867 1436 3950 Accedit,

317 3979 402 4060 quod
425 3997 486 4060 quo
509 3980 603 4047 modo
625 3977 741 4044 calami
763 3978 873 4060 lapsus
897 3973 1027 4045 καλλοὺο
1050 3985 1140 4044 ortus
1156 3977 1211 4056 sit,
1234 3975 1311 4042 siin
1327 3975 1438 4044 arche-

317 4091 396 4166 typo
419 4081 599 4152 καλοὺσκαὶ
622 4081 752 4154 πολλοὺς
775 4085 846 4165 fuit,
870 4083 988 4153 clarius
1012 4091 1156 4166 apparet.

407 4193 548 4257 Restant
563 4193 701 4273 denique
716 4192 786 4273 loci,
811 4192 867 4258 ubi
882 4193 938 4258 vix
961 4193 1128 4274 quisquam
1151 4189 1337 4271 investiget,
1362 4189 1438 4271 quid

318 4299 351 4364 N
368 4299 410 4363 ad
427 4298 570 4363 ordinem
585 4300 816 4364 immutandum
839 4301 1003 4384 impellere
1025 4297 1177 4383 potuerit,
1202 4317 1220 4364 e
1243 4297 1358 4380 quihus
1381 4298 1439 4362 hos
1563 4375 1564 4398 η

319 4404 524 4487 proposuisse
547 4407 627 4472 satis
652 4406 708 4470 sit:
