3168 4976
878 366 918 427 32

789 450 1002 462 ——-———.,

335 569 569 654 (ἀπεστερούμην
603 573 646 653 N,
688 570 866 657 έστεροὺμην
903 572 964 656 A),
999 577 1040 655 V,
1071 581 1111 641 48
1149 575 1375 662 (ἀποθνῄσκουσι
1409 583 1452 664 N,
1480 629 1483 636 .

334 671 492 758 θνῄσκουσι
508 671 595 760 A),¹)
620 680 661 760 V,
680 682 722 743 92
739 673 943 762 (ἐξεργάζοιτο
960 679 1002 758 Ν,
1024 678 1178 763 ἐργάζοιτο
1197 683 1244 767 A)
1261 688 1453 755 Oxoniensis

334 801 445 853 veram
468 783 635 848 lectionem
659 784 852 866 servaverit,
880 802 944 850 non
968 790 1018 850 est
1041 785 1181 852 dubium.
1226 791 1304 856 Huc
1327 799 1455 875 spectat

335 889 432 954 etiarn
456 889 531 956 Din.
547 891 594 971 H,
616 894 668 971 15,
692 889 748 955 ubi
770 909 834 956 non
857 890 979 956 minore
1000 891 1071 958 iure
1095 892 1262 959 Thalheim
1285 893 1318 977 (1.
1331 917 1357 962 o.
1372 920 1402 980 p.
1420 899 1453 981 9)

334 995 508 1062 secundum
523 995 557 1062 N
572 1000 638 1066 τοῖς
654 1000 758 1056 τοῦτον
774 996 1015 1083 προσδεχομένοις
1031 996 1196 1081 σύμβουλον
1212 999 1390 1085 (δεχομένοις
1403 1005 1451 1086 A)

334 1101 401 1184 legi
431 1101 510 1168 vult.
561 1101 670 1168 Etiam
699 1104 774 1170 Din.
802 1105 830 1187 I,
861 1109 902 1172 94
936 1105 1005 1188 (ὅσα
1038 1104 1298 1188 μεταβαλλόμενος
1330 1106 1360 1169 έν
1392 1115 1454 1178 τοῖς

335 1212 481 1293 πράγμασι
504 1205 551 1268 καὶ
573 1207 750 1295 δημηγορῶν
774 1208 856 1271 οὐδέν
880 1209 956 1293 ὑγιές
979 1211 1163 1275 διατετέλεκε
1186 1215 1229 1295 Ν,
1254 1213 1391 1276 τετέλεκε
1405 1214 1453 1299 A)

336 1313 533 1382 Graffnnder
556 1315 589 1398 (l.
606 1335 632 1382 e.
652 1335 683 1398 p.
699 1321 751 1381 52.
775 1317 831 1398 53)
855 1317 1081 1400 Orippsianum
1105 1318 1230 1385 frustra
1252 1327 1366 1388 contra
1389 1322 1453 1387 edi·

334 1425 422 1487 tores
439 1419 591 1488 defendit
629 1421 753 1490 Contra
768 1422 844 1488 Din.
856 1425 884 1502 I,
903 1427 967 1488 104
983 1418 1082 1501 δεῖξαι,
1100 1425 1185 1504 quod
1200 1424 1234 1490 A
1250 1427 1455 1512 suppedidat,

333 1526 403 1593 loco
426 1527 530 1610 magis
553 1547 648 1609 quarn
671 1523 792 1606 ἐνδεῖξαι
816 1527 877 1613 (N)
900 1529 1058 1596 convenit

425 1635 528 1720 Quem
560 1635 602 1700 ad
633 1634 760 1700 modum
792 1634 826 1701 N
857 1635 1011 1703 librarius
1044 1635 1259 1729 Graffundero
1292 1638 1398 1705 iudice
1435 1660 1457 1706 a

334 1742 422 1808 nullo
438 1741 571 1808 crimine
586 1740 793 1822 abhorrebat,
814 1740 861 1808 sio
875 1761 917 1808 ne
931 1743 1110 1824 particulas
1126 1743 1253 1825 quidem
1268 1743 1458 1827 inspergere

335 1848 507 1916 dubitavit.
551 1848 653 1918 Velut
675 1848 756 1916 Ant.
778 1851 845 1931 III,
865 1848 891 1925 δ,
914 1855 932 1916 9
956 1849 990 1914 in
1005 1849 1040 1915 A
1062 1849 1213 1931 legimus:
1241 1849 1457 1932 κεκολασμένον

335 1951 367 2016 δέ
394 1959 445 2016 τοῦ
474 1956 697 2024 ἀποκτείναντος
724 1955 776 2017 οὐκ
803 1957 990 2042 ἀτιμώρητος
1017 1955 1032 2016 ὁ
1056 1957 1145 2042 φόνος
1169 1955 1256 2018 ἐστίν·
1282 1956 1403 2042 ἔχοντάς
1426 1979 1458 2039 γε

336 2061 391 2145 τὴν
413 2061 494 2144 δίκην
518 2067 570 2124 τοῦ
593 2064 707 2148 φονέως
731 2067 791 2128 etc.

424 2169 549 2235 Labem
571 2169 606 2234 in
628 2169 680 2234 his
703 2169 812 2235 verbis
835 2167 951 2247 inesse,
976 2167 1094 2250 quippe
1116 2188 1200 2249 quae
1222 2188 1345 2234 conexu
1368 2189 1458 2236 aare

336 2281 407 2358 ant,
444 2274 642 2343 Graffunder
679 2273 812 2341 fatetur.
866 2275 976 2343 Nihilo
1015 2277 1116 2342 setius
1152 2277 1330 2344 Oxoniensi
1363 2277 1459 2344 fidem

337 2381 522 2467 denegavit,
546 2383 602 2463 qui
623 2387 698 2464 post
721 2402 753 2464 γε
776 2383 939 2464 particula
961 2381 997 2466 δὴ
1020 2383 1145 2450 inserta
1164 2383 1333 2466 archetypi
1347 2385 1459 2452 lectio·

335 2509 408 2565 nem
441 2489 529 2555 haud
563 2489 660 2556 dubie
693 2489 849 2557 servavit.
906 2491 1021 2570 Neque
1058 2490 1142 2558 enim
1180 2511 1251 2558 eam
1289 2491 1458 2573 quisquam

337 2597 424 2679 aptis
447 2596 648 2679 argumentis
670 2596 819 2664 refellere
841 2597 973 2680 poterit,
1001 2598 1194 2678 praesertim
1216 2617 1286 2664 cum
1310 2619 1342 2680 γε
1365 2603 1399 2664 et
1421 2595 1457 2677 δὴ

337 2703 533 2786 coniungere
554 2703 686 2786 linguae
710 2703 859 2772 Graecae
882 2722 953 2770 esse
971 2707 1130 2788 Hartung
1152 2703 1406 2787 (Partikellehre
1427 2702 1457 2781 I,

337 2829 368 2893 p.
380 2807 519 2894 275l76)
531 2808 653 2876 diserte
664 2807 898 2892 explanaverit.
925 2811 1071 2876 Eandem
1082 2810 1276 2892 particulam
1286 2807 1363 2876 Din.
1373 2809 1401 2889 I,
1416 2812 1458 2873 60

337 2916 372 2982 in
394 2917 503 2983 verbis
531 2911 625 2995 δεῖξον
653 2916 707 3002 γάρ
735 2914 771 3000 δὴ
795 2923 858 2984 τοῖς
885 2915 1031 2983 δικασταῖς
1058 2912 1092 2976 σὺ
1116 2913 1303 2998 Δημόσθενες
1327 2913 1377 2998 (A
1399 2932 1459 2980 om.
1566 2967 1567 3000 γ

338 3019 390 3106 δὴ)
407 3024 440 3090 N
457 3022 592 3090 retinuit
607 3024 700 3105 eique
716 3023 885 3092 Tholheim
901 3021 1110 3091 Graniunderi
1129 3022 1310 3088 rationibus
1329 3019 1460 3087 reiectis
1566 3003 1567 3030 ¹

339 3129 411 3213 (lc.
423 3151 454 3213 p.
467 3128 522 3212 12)
535 3149 593 3196 suo
604 3131 676 3198 iure
688 3129 933 3212 obtemperavit
965 3129 1080 3211 Neque
1092 3128 1190 3196 aliter
1201 3131 1243 3196 de
1253 3128 1333 3196 Ant
1344 3131 1390 3209 II,
1401 3126 1458 3208 δ,9

339 3242 373 3302 et
388 3236 431 3320 V,
457 3241 476 3303 3
500 3235 722 3304 iudicabimus.
755 3238 904 3319 Utroque
918 3237 988 3304 loco
1003 3237 1038 3304 N
1053 3233 1105 3318 μέν
1126 3236 1261 3315 addidit,
1286 3235 1319 3302 A
1343 3233 1459 3302 omisit.

340 3342 497 3429 Quamvis
521 3343 656 3410 Sohdfer
684 3343 717 3426 (l.
740 3361 765 3410 c
788 3364 820 3426 p.
844 3342 901 3429 26)
929 3343 1201 3411 demonstraverit
1226 3342 1361 3407 duorum
1389 3359 1459 3406 sen-

340 3449 464 3516 tentiae
486 3452 708 3534 membrorum,
733 3469 868 3532 quorum
889 3451 1051 3532 posterius
1074 3443 1289 3533 particulae&
1311 3446 1460 3529 infertur,

340 3556 442 3638 priori
460 3555 696 3640 Antiphontem
719 3557 848 3639 saepius
870 3557 1063 3640 particulam
1087 3553 1138 3637 μὲν
1161 3554 1328 3636 eripuisse,
1353 3559 1462 3620 tanen

340 3663 425 3730 hano
456 3663 609 3732 facillime
640 3665 791 3732 excidere
816 3664 962 3746 potuisse
988 3683 1080 3730 nemo
1107 3681 1171 3728 non
1198 3661 1375 3745 intellegit3
1409 3656 1462 3740 μὲν
1566 3709 1567 3744 ,

341 3775 450 3838 autem
481 3789 552 3837 cum
585 3770 638 3857 γάρ
672 3771 866 3855 coniungere
893 3769 1039 3837 Graecos
1072 3769 1277 3838 consuevisse
1303 3769 1462 3848 Hartung

341 3875 374 3961 (l.
387 3896 413 3943 o.
425 3879 473 3960 II,
490 3876 569 3960 404)
583 3879 690 3946 docuit
702 3884 737 3944 et
749 3877 903 3960 exemplis
915 3875 1125 3944 confirmavit.
1160 3875 1213 3959 (cf.
1225 3876 1305 3942 Ant
1316 3875 1378 3956 IV,
1392 3871 1417 3954 δ,
1431 3877 1462 3938 2.

342 3983 385 4066 V,
410 3990 462 4052 36.
487 3985 549 4066 VI,
574 3985 639 4069 30.)

415 4247 437 4317 1)
456 4251 511 4306 Fac
523 4251 675 4306 memineris
686 4251 815 4320 simplicis
827 4251 902 4306 verbi
916 4244 1033 4319 θνῄσκειν
1046 4251 1104 4306 sola
1123 4249 1243 4317 perfecta
1262 4255 1290 4302 et
1307 4233 1462 4317 plusquam·
1566 4251 1567 4258 ’

343 4339 463 4407 μετάνοια
486 4340 552 4406 (ΙΠ,
571 4355 593 4409 γ,
613 4343 655 4395 10.
677 4341 729 4406 IV,
749 4337 770 4409 β,
789 4343 814 4395 3.
833 4343 858 4396 6.
882 4340 934 4408 IV,
953 4356 975 4409 γ,
992 4340 1018 4394 4.
1041 4339 1077 4406 V,
1096 4335 1141 4406 74)
1170 4337 1242 4406 opud
1265 4335 1462 4405 Antiphontem
1566 4379 1567 4382 ,

343 4428 467 4484 inveniri.
504 4429 537 4484 cf.
556 4430 695 4498 ignatium
714 4431 731 4484 l.
751 4446 773 4486 o.
791 4447 818 4498 p.
838 4431 881 4486 10.
1119 4431 1121 4438 ’
