3168 4976
859 377 900 436 36

771 461 984 470 —ann—

406 585 448 663 V,
467 587 508 648 90
527 581 572 642 καὶ
592 583 770 667 φεισαμένοις
791 581 842 663 μὲν
864 582 924 662 ὑμῖν
949 583 1018 663 ἐμοῦ
1037 590 1083 643 νῦν
1109 575 1201 656 ἔξεστι
1225 592 1287 650 τότε
1310 589 1436 675 χρῆσθαι

316 686 356 748 ὅτι
380 689 413 746 ἂν
439 687 585 772 βούλησθε
609 693 652 772 N,
677 688 882 772 ψηφισαμένοις
905 689 947 753 Α.

403 812 515 894 Atque
531 812 713 879 adversarii
727 811 856 877 librarii
870 812 905 878 N
921 813 1179 898 ἀποψηφισαμένοις
1194 833 1306 883 veram
1325 819 1435 887 lectic-

313 938 386 986 nem
413 939 498 1002 esse‚
528 918 706 1004 φεισαμένας
732 936 810 986 vero
837 919 981 1002 ineptam
1006 920 1092 986 illius
1120 921 1336 988 coniecturam
1363 945 1436 992 esse

314 1027 519 1092 contendunt.
558 1025 663 1110 Quam
686 1025 899 1107 suspicionem
923 1045 1114 1109 quamquam
1129 1027 1301 1094 Jernstedt
1318 1024 1433 1111 (praef.

315 1133 481 1203 XXXVI
504 1131 604 1213 seqq.)
632 1151 695 1197 non
723 1133 807 1198 male
834 1133 979 1200 refutare
1006 1135 1144 1216 studuit,
1175 1134 1433 1220 ἀποψηφισαμένοις

314 1239 412 1304 scribi
426 1237 544 1322 malim,
561 1257 625 1304 non
641 1239 725 1320 quod
742 1239 846 1306 Cobet
862 1239 1023 1322 (mnemos.
1040 1246 1125 1306 1880
1145 1261 1175 1322 p.
1193 1238 1271 1324 288)
1289 1239 1431 1326 φείδεσθαι

314 1343 388 1410 huic
418 1345 494 1410 loco,
518 1364 582 1410 non
614 1346 786 1413 convenire
817 1345 894 1409 mihi
921 1347 1135 1427 persuaserit,
1169 1348 1227 1412 sed
1260 1349 1344 1428 quod
1374 1349 1435 1414 huc

311 1453 447 1518 verbum
463 1437 624 1534 nunquam
640 1453 726 1533 apud
742 1451 978 1533 Antiphontem
992 1451 1164 1518 invenitur.
1193 1451 1246 1534 (cf.
1256 1455 1432 1536 Largium:

313 1559 419 1626 annai.
442 1559 551 1625 societ.
574 1557 682 1640 philol.
707 1559 815 1624 Berol.
838 1557 984 1623 Berolini
1008 1563 1104 1640 1887,
1128 1579 1159 1640 p.
1185 1563 1258 1624 122.
1283 1560 1369 1641 123.)
1429 1573 1431 1580 ’

401 1683 550 1765 Denique
577 1683 653 1749 Diu.
676 1683 705 1763 I,
731 1687 769 1749 91
802 1683 836 1748 in
862 1683 1000 1750 medium
1027 1685 1171 1768 profero,
1200 1685 1256 1750 ubi
1281 1685 1431 1768 legimus:

312 1787 376 1852 οὐδὲ
399 1790 451 1876 ηάρ
476 1789 545 1874 ἔχου,
569 1790 595 1849 τί
618 1789 692 1849 ἄλλο
716 1789 784 1850 εἴπω
807 1789 849 1872 Α,
874 1787 904 1850 οὐ
928 1809 986 1871 pro
1011 1787 1074 1850 οὐδὲ
1097 1793 1139 1858 N.

401 1916 468 1982 Hic
492 1916 551 1983 Th.
576 1915 743 1982 Thalheim
769 1934 834 1981 non
862 1934 919 1982 suc
942 1915 1014 1981 iure
1037 1910 1102 1974 οὐδὲ
1124 1913 1289 1995 praetulit,
1318 1915 1376 1980 sed
1400 1918 1440 1982 J.‘

315 2024 421 2089 Kohm
444 2019 521 2106 (act.
539 2022 641 2088 diurn.
658 2041 763 2104 gymn.
785 2027 885 2088 austr.
908 2027 1004 2102 1888,
1028 2041 1058 2103 p.
1077 2019 1132 2105 38)
1157 2020 1187 2082 od
1211 2021 1264 2108 χοὶρ
1288 2041 1346 2103 pro
1370 2016 1433 2080 οὐδὲ

311 2130 364 2216 ιαμ
387 2130 589 2196 retinendum
614 2147 685 2196 esse
708 2134 796 2194 recte
820 2128 992 2194 contendit.

400 2504 453 2570 Ne
481 2507 589 2568 autem
616 2501 735 2567 iniuste
764 2502 901 2582 quodam
928 2498 1055 2565 librarii
1082 2500 1115 2566 N
1143 2499 1250 2565 studio
1278 2500 1433 2583 impulsus

310 2609 385 2677 huic
400 2609 495 2676 nimis
511 2610 623 2676 favere
638 2608 760 2688 videar,
786 2609 816 2674 ei
837 2626 962 2688 queque
980 2606 1044 2672 loci
1066 2605 1144 2670 mihi
1168 2605 1323 2671 afferendi
1346 2612 1430 2685 sunt,

311 2715 366 2783 ubi
398 2716 431 2783 A
465 2721 499 2782 et
530 2719 612 2798 Npr.
644 2715 801 2783 aduersus
833 2714 878 2784 Νι
915 2712 1127 2779 consentiunt.
1178 2709 1229 2796 (cf.
1263 2711 1430 2778 Thalheim

310 2823 330 2888 1.
350 2841 376 2888 c.
391 2843 422 2905 p.
442 2820 484 2905 5.)
530 2821 643 2902 Atque
665 2821 716 2887 his
739 2819 867 2902 quidem
889 2818 969 2885 locis
992 2821 1037 2886 Νι
1063 2818 1147 2884 falsa
1169 2817 1317 2900 tradidit,
1341 2817 1375 2882 A
1399 2820 1432 2882 et

311 2931 392 3011 Npr.
415 2948 496 2997 vera
518 2927 572 2996 vel
594 2927 730 2995 veriora.

401 3053 480 3120 Ant.
504 3055 566 3136 IV,
592 3073 619 3132 α,
646 3057 679 3118 1:

525 3159 565 3228 εἰς
589 3159 684 3242 ἀχὼνα
707 3157 897 3226 καθιστάντας
919 3155 1047 3239 ANpr.,

625 3313 645 3342 „
706 3263 857 3332 καθιέντας
879 3265 935 3332 N1.

399 3389 480 3458 Ant.
493 3393 535 3471 V,
553 3395 609 3456 81:
626 3388 859 3475 τεκμηραμένουι
871 3389 999 3471 ANpr.,
1016 3409 1042 3448 αι
1055 3392 1088 3454 et
1104 3409 1119 3448 ο
1134 3383 1362 3468 superscripsit
1374 3385 1431 3453 Νι.

399 3515 479 3582 Ant.
502 3515 545 3594 V,
571 3519 631 3581 96:
656 3518 878 3600 κατηγορήσουσι
901 3514 946 3596 Α,
968 3549 1010 3560 —-
1026 3516 1084 3595 η’σ.
1101 3531 1147 3572 ,σι
1171 3511 1263 3592 Νριι,
1281 3545 1322 3555 —-
1340 3511 1431 3592 ήσυισι

310 3623 367 3692 Νι.
402 3621 455 3707 (cf.
479 3623 651 3692 Jernstedt
673 3622 774 3705 praef.
796 3642 827 3705 p.
851 3616 1002 3703 XXVI.)

399 3746 479 3814 Ani.
503 3747 563 3830 VI,
590 3753 645 3814 30:
676 3745 742 3808 ὅπου
766 3743 817 3828 μὲν
839 3745 893 3832 χάρ
914 3746 990 3826 λοήιρ
1012 3763 1054 3811 τις
1076 3740 1200 3803 διδάσκοι
1214 3789 1220 3802 .
1236 3789 1258 3818 .,
1287 3744 1433 3825 μάρτυρας

310 3851 342 3916 δὲ
359 3853 398 3936 μη
414 3853 572 3940 παρέχοιτο,
598 3854 747 3940 μαρτύρων
768 3855 802 3914 ἄν
825 3848 954 3922 τιςποὺς
975 3849 1075 3932 λόχους
1097 3847 1212 3916 τούτους
1235 3845 1337 3914 ἐνδεεῖς
1360 3845 1430 3930 φαίη

311 3961 389 4024 εἶναι·
415 3961 481 4023 ὅπου
501 3958 534 4022 δέ
558 3965 703 4046 μάρτυρας
727 3956 778 4041 μέν
798 3957 974 4044 παρέχοιντο,
997 3959 1137 4042 τεκμήρια
1159 3951 1210 4015 δὲ.
1227 4002 1233 4014 .
1248 3951 1288 4034 μη
1313 3952 1431 4038 ἀποφαί-

310 4088 398 4130 νοιντο
428 4073 489 4134 etc.
517 4069 563 4151 A,
596 4062 779 4154 παρέχοιτυῙ)
814 4085 854 4134 ex
888 4063 1054 4151 παρέχοιντο
1087 4066 1266 4132 correctum
1297 4065 1332 4128 et
1364 4061 1430 4120 ἀπο-

311 4175 434 4262 φαίνοιτο
457 4177 498 4244 Ν.

383 4439 403 4512 1)
423 4461 460 4499 sc.
479 4443 512 4499 de
531 4443 617 4498 altero
635 4437 769 4510 παρέχοιτο
789 4440 887 4510 agitur.
