3168 4976
863 374 904 436 26

775 459 988 468 -——-——-..-

322 580 408 645 inter
424 579 626 647 scribendum
643 601 784 648 errorem
800 583 942 664 agnovit,
960 603 1059 664 supra
1071 603 1199 651 versum
1212 600 1285 669 post
1297 589 1441 675 εἰρηεοάαο

322 686 436 768 posuit.
491 687 557 754 Sed
589 709 634 767 por
668 689 709 752 ad
744 689 951 771 προειρημένον
979 689 1143 770 pertinere
1174 699 1208 756 et
1239 695 1331 760 iuxta
1362 697 1442 762 illud

319 796 453 859 verbum
470 795 562 860 unice
578 813 668 860 suum
684 796 786 858 locum
809 795 930 859 habere
952 794 985 860 iu
1009 795 1115 862 oculos
1138 797 1284 864 incurrit.
1326 803 1443 884 Neque

320 901 397 966 Din.
420 903 447 982 1,
471 906 514 966 24
537 903 569 965 A
594 899 675 964 satis
699 904 858 966 attentum
878 920 918 967 se
940 903 1098 984 praebuit.
1142 902 1224 970 Oum
1248 906 1330 969 enim
1357 909 1441 976 falso

320 1007 503 1087 scripsisset
518 1005 601 1066 πόλιν
625 1005 748 1091 οἰκτρῶς
772 1006 979 1090 ἀπολλυμένην
1004 1007 1098 1076 οὕτως
1120 1029 1178 1091 pro
1199 1007 1293 1078 οὕτως
1316 1011 1440 1098 οἰκτρῶς

320 1113 526 1193 ἀπολλυμένην
550 1111 619 1194 (N),
649 1131 758 1179 errore
785 1122 954 1197 perspecto
982 1118 1101 1182 litteris
1129 1137 1229 1200 supra
1256 1119 1313 1183 illa
1338 1123 1441 1186 verba

938 1237 953 1270 α
1150 1219 1268 1293 ll

318 1291 449 1372 seriptis
478 1289 615 1376 (οἰκτρῶς
644 1291 850 1373 ἀπολλυμένην
879 1291 973 1360 οὔτως
996 1313 1054 1374 pro
1083 1294 1205 1379 οἰκτρῶς
1233 1296 1439 1380 ἀπολλυμένην
1548 1307 1549 1330 ¹

376 1413 391 1445 a

318 1466 425 1550 οὕτως)
454 1474 621 1552 peecatum
649 1470 806 1534 resarcire
830 1474 963 1535 conatus
986 1471 1103 1534 iterum
1126 1472 1323 1539 dormitavit.

424 1580 494 1642 Iam
528 1578 569 1641 ad
603 1581 729 1642 ceteras
757 1577 911 1642 lectiones
940 1577 1169 1658 aggrediamur
1197 1580 1438 1663 examinandas,

318 1682 491 1763 inquibus
516 1682 550 1748 A
575 1691 608 1748 et
630 1684 664 1750 N
688 1684 882 1765 discrepant.
928 1684 1040 1764 Atque
1068 1683 1176 1750 hiatus
1201 1686 1328 1766 quidem
1351 1692 1438 1754 trac·
1549 1689 1550 1706 ¹

319 1789 401 1854 tatio
435 1789 477 1853 ad
505 1791 724 1870 quaestionem
752 1796 896 1855 nostram
926 1790 1168 1871 disceptandam
1196 1791 1276 1856 nihil
1304 1791 1437 1858 confert.
1549 1829 1550 1832 ν

317 1897 403 1962 Nam
427 1895 622 1964 Graffunder
646 1894 678 1980 (l.
703 1915 728 1960 c.
751 1917 782 1976 p.
806 1896 862 1980 22)
885 1896 955 1978 ipse
977 1903 1078 1978 negat
1100 1897 1269 1962 Benseleri
1291 1899 1436 1966 rationes
1549 1955 1550 1978 ,

316 2003 350 2068 in
367 2002 565 2068 Dinarchum
588 2008 621 2068 et
636 2004 824 2085 Lycurgum
844 2001 1015 2068 transferri
1031 2023 1134 2085 posse.
1173 2004 1342 2087 Antiphon
1358 2023 1437 2070 vero

318 2129 398 2190 quas
422 2111 566 2174 rationes
589 2110 622 2174 in
645 2111 766 2174 haere
789 2116 918 2174 secutus
948 2109 1005 2190 sit,
1030 2129 1161 2190 prorsus
1190 2112 1222 2175 in
1251 2113 1347 2178 dubio
1377 2117 1436 2179 est.
1550 2169 1551 2182 .

317 2218 425 2284 Unum
442 2223 550 2281 autem
570 2217 757 2296 exemplum,
780 2233 841 2296 quo
866 2218 1091 2296 comprobetur
1113 2235 1176 2282 non
1193 2217 1226 2282 N
1242 2217 1353 2299 solum,
1379 2220 1437 2283 sed

317 2323 415 2389 etiam
436 2323 468 2388 A
492 2323 525 2387 in
548 2321 603 2388 illo
627 2341 746 2403 genere
768 2339 920 2402 peccasse
942 2323 975 2386 in
998 2323 1136 2388 medium
1159 2321 1306 2404 proferre
1328 2325 1435 2390 liceat.

316 2431 396 2496 Ant.
413 2429 455 2511 V,
482 2434 522 2494 56
548 2430 631 2494 euim
647 2430 679 2496 N
701 2429 851 2494 exaravit
874 2427 968 2490 οὐκέτι
992 2431 1050 2489 οἷον
1074 2449 1116 2503 τε,
1141 2429 1175 2495 Α
1199 2429 1293 2491 οὐκέτ’
1319 2432 1377 2492 οἶόν
1394 2451 1436 2497 τε.
1542 2468 1544 2477 ι

207 2577 208 2581 =
317 2535 350 2602 A
373 2535 476 2617 igitur
499 2536 675 2618 archetypo
688 2536 792 2601 invito
817 2556 834 2601 e
858 2536 999 2618 eiecisse,
1025 2537 1081 2601 sed
1105 2535 1334 2618 aspirationem
1359 2544 1436 2604 ante

317 2642 465 2724 spiritum
482 2662 631 2725 asperum
647 2644 821 2708 restituere
838 2644 970 2709 oblitum
987 2661 1058 2708 esse
1073 2643 1143 2708 veri
1163 2644 1354 2710 simillimum
1376 2649 1434 2708 est.

316 2751 431 2830 Neque
455 2750 615 2815 assentior
638 2748 854 2816 Graffundero
878 2749 959 2815 Ant.
974 2751 1003 2831 Ι,
1030 2754 1070 2815 14
1090 2749 1181 2815 καλός
1201 2770 1234 2809 τε
1254 2748 1301 2808 καὶ
1324 2746 1433 2828 &potor

316 2851 376 2940 (N)
400 2857 518 2922 falsum
541 2874 620 2922 esse.
665 2857 750 2923 Nam
772 2857 905 2922 Franke
926 2855 1055 2938 (Philol.
1069 2857 1132 2923 vol.
1149 2854 1252 2937 suppl.
1267 2855 1286 2930 I
1301 2874 1328 2935 p.
1344 2851 1433 2934 431),

317 2982 410 3044 quem
438 2961 492 3052 ille
518 2961 646 3045 laudat,
675 2964 745 3044 ipse
773 2964 853 3028 dicit
879 2963 1053 3030 Aeschinis
1082 2963 1206 3029 codices
1236 2962 1316 3028 alios
1343 2959 1435 3029 καλὸς

315 3069 362 3132 καὶ
379 3067 490 3151 ἀγαθὸς
506 3069 586 3135 alios
605 3068 701 3140 καλὸς
724 3068 853 3151 neratde
873 3069 1025 3136 exhibere
1044 3088 1257 3152 magnamque
1279 3070 1314 3134 in
1337 3087 1375 3133 ea
1398 3087 1435 3133 re

315 3177 556 3244 fluctuationem
590 3178 739 3258 conspici.
789 3175 930 3243 Accedit
961 3179 1045 3259 quod
1077 3197 1140 3243 non
1173 3177 1324 3243 sollemne
1355 3173 1434 3240 illud
1539 3226 1542 3247 ‚

317 3285 515 3352 Graecorum
540 3282 630 3350 καλὸς
654 3282 783 3365 κάγαθὸς
811 3285 868 3350 sed
896 3283 987 3352 καλός
1011 3305 1043 3345 τε
1065 3283 1113 3345 καί
1136 3282 1246 3364 ἀγαθὸς
1272 3281 1435 3362 particule

315 3411 348 3452 τε
372 3391 486 3457 addita
509 3391 562 3456 hic
584 3391 773 3458 invenimus.

422 3498 538 3579 Neque
561 3517 602 3562 ex
617 3517 633 3557 ν
649 3496 850 3580 adscriptiva
865 3499 904 3564 de
921 3495 1115 3563 auctoritate
1131 3494 1300 3576 utriusque
1317 3494 1434 3561 codicis

315 3604 489 3687 quidquam
513 3603 659 3671 concludi
680 3609 798 3688 potest.
822 3605 866 3687 (ν.
885 3604 1120 3672 Meisterhans:
1146 3601 1353 3670 Grammatik
1378 3601 1435 3666 der

316 3713 477 3778 attischen
499 3707 706 3778 Inschrilten.
752 3712 866 3778 Berlin
892 3715 985 3778 1885.
1031 3730 1061 3791 p.
1085 3707 1152 3791 47.)

422 3819 472 3884 At
495 3818 593 3884 etiam
614 3819 649 3884 in
670 3818 902 3901 pronuntiandi
924 3815 1009 3882 notis
1032 3816 1114 3882 mori
1137 3813 1256 3881 aetatis
1279 3830 1357 3878 suae
1381 3813 1434 3877 ob-

316 3930 445 3992 secutus
461 3925 495 3992 N
514 3925 672 4008 peccavit.
716 3925 766 3993 Ut
788 3929 973 3991 constanter
993 3922 1058 3991 ἶσος
1081 3923 1209 4006 syllaba
1231 3919 1339 4002 priore
1361 3938 1434 4001 pro·

317 4027 447 4118 ducta¹)
476 4037 509 4098 et
537 4033 596 4093 οῖον
620 4053 652 4093 τε
675 4031 727 4116 (cf.
751 4032 925 4099 Jernstedt
947 4032 1049 4114 praef.
1071 4049 1102 4112 p.
1125 4026 1225 4111 XLI)
1249 4031 1282 4091 et
1304 4025 1435 4108 saepius

317 4139 467 4222 spiritum
489 4141 593 4206 lenem
616 4158 674 4221 pro
698 4158 813 4222 aspero
837 4137 975 4221 scripsit.
1015 4139 1086 4206 Nec
1105 4142 1213 4204 tamen
1230 4133 1264 4200 A
1281 4132 1437 4200 eiusmodi

426 4365 446 4439 ¹)
466 4370 499 4424 cf.
513 4371 533 4424 J
535 4370 658 4452 ernstedt
676 4369 710 4424 ad
723 4370 789 4424 Ant.
802 4369 841 4428 Π.
856 4365 877 4437 β,
890 4371 907 4424 8
926 4373 955 4423 et
968 4369 1064 4422 Cobet:
1077 4366 1180 4422 Variae
1192 4365 1323 4421 lectiones
1336 4381 1361 4433 p.
1377 4365 1436 4428 395,

318 4459 365 4516 uhi
385 4459 462 4514 docet
480 4457 524 4513 hic
540 4450 596 4516 ἶσος
614 4459 718 4525 ionum,
737 4447 791 4514 ἴσος
808 4457 965 4512 Atticorum
985 4472 1052 4511 esse.
