3168 4976
756 393 758 400 ⁴
868 383 910 444 40

322 589 509 670 turpissima
525 589 594 661 eius
611 592 740 674 generis
755 591 838 658 vitia
859 591 892 660 in
916 590 1055 657 codicem
1077 597 1210 676 recepit.
1245 599 1277 670 N
1280 617 1315 667 ec
1337 603 1445 666 tamen

321 697 383 766 hac
405 715 441 762 re
463 698 678 782 prohibemur,
705 696 872 777 quominus
900 695 1094 762 arbitremur
1117 697 1220 766 virum
1249 703 1445 776 ineruditum

320 803 474 869 nonnulla
504 804 634 886 proprio
667 800 795 884 ingenio
828 807 917 866 recte
950 803 1180 870 emendavisse.
1231 806 1332 874 Immo
1365 830 1445 880 vcro

321 910 420 981 Blass
443 913 525 978 bena
548 908 637 978 dicit:
663 905 776 990 (praei.
792 904 873 976 Ant.
888 927 917 990 p.
935 908 1062 991 XXII)
1090 911 1199 991 „Fieri
1216 929 1279 976 non
1300 921 1442 999 poterat,

322 1017 397 1098 quin
414 1018 467 1086 vol
481 1014 670 1083 inertissimi
684 1011 820 1094 hbrarii‚
838 1014 957 1085 Graeci
972 1021 1081 1088 tamen
1097 1018 1249 1098 homiues
1270 1018 1441 1103 aliqnando

321 1129 399 1192 nota
426 1121 561 1205 ignotiS,
593 1119 741 1203 planiora
767 1120 930 1205 impeditis
953 1125 1202 1205 substituerent,
1231 1143 1334 1206 neque
1357 1125 1439 1209 qnis-

278 1283 280 1286 .
322 1248 417 1314 quam
448 1246 557 1294 eornm
588 1244 727 1306 nuquam
758 1227 926 1294 machinae
957 1235 994 1296 ut
1021 1229 1070 1294 ita
1097 1231 1201 1298 dicam
1228 1231 1333 1298 instar
1361 1250 1441 1312 quae

321 1338 492 1416 acceperat
518 1333 656 1400 1111011101
687 1331 857 1398 reddidit“
914 1333 985 1416 Quo
1008 1333 1059 1414 fit,
1093 1337 1191 1400 utin
1219 1337 1443 1422 Antiphontis

322 1440 494 1526 Dinarchi,
530 1438 675 1524 Lycurgi
713 1436 912 1506 orationibus
952 1437 1084 1504 edendis
1119 1445 1153 1504 et
1189 1441 1375 1524 Orippsiani
1411 1449 1446 1512 et

322 1546 515 1619 Oxoniensis
543 1545 627 1614 ratio
655 1543 804 1612 habenda
831 1544 882 1609 sit.
936 1543 1041 1628 Quam
1067 1545 1226 1612 rationem
1254 1549 1444 1620 Theodorus

322 1653 491 1727 Thalheim
515 1652 581 1735 (De
603 1650 763 1718 Dinarchi
786 1650 948 1721 codicibus
972 1652 1196 1721 commentatio
1219 1672 1249 1736 p.
1267 1651 1299 1734 6)
1324 1656 1444 1735 optime

322 1760 466 1830 defendit
493 1776 626 1840 eamque
653 1758 687 1826 in
709 1757 856 1842 Lycurgi
883 1763 916 1823 et
939 1757 1098 1826 Dinarchi
1125 1759 1305 1828 orationum
1328 1759 1441 1826 editio·

320 1867 414 1934 nibus
430 1883 553 1932 summa
568 1865 723 1946 religione
745 1883 783 1930 ac
805 1865 989 1948 sagacitate
1012 1869 1141 1931 secutus
1165 1870 1224 1930 est.
1261 1869 1335 1932 Hoc
1358 1867 1443 1936 enim

321 1977 448 2041 tantum
479 1973 572 2044 modo
604 1971 773 2056 archetypi
803 1971 958 2038 lectiones
986 1970 1117 2038 restitui
1144 1975 1287 2052 possunt.
1338 1969 1444 2055 Quam

321 2079 417 2162 viam,
442 2079 589 2161 quamvis
613 2079 717 2144 ardna
739 2077 792 2160 sit,
815 2079 916 2144 solam
939 2077 981 2142 ad
997 2075 1147 2142 veritatis
1170 2077 1273 2142 lucem
1297 2096 1354 2142 nos
1370 2095 1443 2158 per·

324 2187 491 2253 ducturam
515 2203 586 2251 esse
609 2203 680 2251 cnm
703 2183 886 2250 doctissimo
909 2183 963 2252 illo
987 2181 1057 2252 viro
1080 2183 1176 2265 plane
1199 2183 1372 2248 consentio.

1561 1859 1565 2040 1
