3168 4976
868 387 909 447 38

779 470 993 482 ——-—-

325 587 424 653 cisset
444 605 564 670 easque
583 591 623 655 de
646 609 704 656 suo
727 593 870 658 dedisset
889 613 992 674 neque
1007 601 1073 660 tam
1090 601 1185 663 anxie
1202 603 1443 670 summariorum

323 697 451 759 tantum
466 695 610 778 vestigia
625 698 807 779 pressisset.
845 699 961 780 Neque
983 701 1092 782 magni
1114 709 1266 772 momenti
1283 717 1341 792 est,
1360 712 1444 792 quod

323 801 358 867 N
381 802 461 868 Aut.
485 799 550 885 VI,
582 809 620 870 21
652 804 774 888 σφάλμα
801 805 988 889 adscripsit,
1017 807 1165 886 quoniam
1193 811 1235 873 ad
1262 814 1346 880 hana
1374 837 1443 884 cor·

323 907 483 988 ruptelam
505 912 759 992 cognoscendam
782 933 899 999 magno
924 917 1068 982 acumine
1090 937 1153 984 non
1176 935 1255 1000 opus
1278 927 1335 986 111.

776 1147 989 1158 -—·-—-..-....

412 1318 482 1382 Iam
517 1318 619 1400 igitur
653 1339 690 1388 eo
726 1325 892 1406 progressi
926 1343 1048 1402 sumus,
1085 1331 1121 1390 ut
1155 1327 1260 1394 animo
1293 1333 1440 1411 repetere

323 1423 491 1506 possimus,
516 1425 593 1506 quid
621 1427 849 1496 dissertatione
875 1435 988 1496 nostra
1016 1430 1222 1496 effecerimus.
1268 1435 1381 1516 Atque
1406 1435 1441 1501 id

323 1529 451 1611 quidem
483 1533 754 1600 demonstravisse
785 1535 864 1601 mihi
894 1536 1017 1616 videor,
1047 1536 1296 1604 Graffunderum
1325 1541 1440 1624 Oripp-

323 1637 406 1703 siaui
429 1637 622 1719 dignitatem
644 1641 747 1722 pluris
771 1662 865 1723 quam
889 1663 950 1724 par
973 1649 1023 1710 est
1046 1644 1227 1726 aestimare,
1245 1645 1440 1712 0111111111

321 1763 400 1811 vero
433 1746 660 1814 auctoritatem
688 1748 782 1815 nimis
810 1751 986 1832 despicere.
1037 1753 1139 1816 Recte
1166 1751 1267 1832 igitur
1294 1751 1442 1818 iudicant
1564 1831 1565 1850 χ

323 1851 484 1935 Georgius
500 1857 648 1920 Hdttner
663 1854 828 1938 (Bursian,
853 1859 915 1923 vol.
933 1862 984 1936 46,
1012 1862 1096 1924 1886
1117 1877 1147 1940 p.
1165 1854 1199 1941 5)
1223 1863 1256 1922 et
1271 1857 1440 1926 Gustatus

321 1959 436 2042 Lange
452 1959 485 2042 (l.
500 1961 520 2025 l.
536 1979 567 2042 p.
586 1959 663 2043 131)
689 1982 760 2028 eum
782 1983 845 2028 non
869 1965 939 2030 sine
961 1965 1012 2030 ira
1035 1971 1068 2030 et
1091 1963 1198 2030 studio
1222 1965 1440 2044 quaestionem

321 2066 526 2132 tractavisse.

427 2193 513 2257 Nam
525 2194 609 2273 quod
620 2193 675 2258 ille
691 2211 731 2258 11
747 2194 1009 2270 correctionibus,
1027 2211 1109 2275 quae
1124 2194 1158 2258 in
1172 2195 1204 2258 A
1221 2193 1440 2272 inveniuntur,

321 2297 389 2364 eius
412 2298 507 2364 fidem
531 2299 681 2380 cognosci
704 2301 883 2366 arbitratus
911 2308 975 2379 111,
1001 2301 1139 2379 erravit,
1165 2299 1313 2380 quoniam
1335 2299 1438 2375 vitiis,

321 2424 404 2486 quae
427 2406 627 2472 correctione
650 2405 780 2473 sublata
803 2413 887 2489 sunt,
913 2407 1069 2489 neglectis
1093 2407 1175 2473 satis
1197 2407 1300 2472 multa
1319 2405 1441 2472 menda
1563 2473 1564 2498 ,

320 2531 380 2578 111
406 2511 506 2578 multo
533 2513 687 2594 pauciora
714 2533 809 2595 quam
836 2516 870 2580 11
898 2515 931 2580 N
959 2513 1067 2580 codice
1094 2518 1327 2578 remanserunt.
1373 2513 1439 2578 Ao-

321 2621 408 2686 cedit
441 2621 526 2702 quod
557 2620 685 2686 minime
716 2627 839 2686 certum
871 2628 935 2702 est,
971 2621 1005 2686 id
1037 2621 1121 2702 quod
1155 2619 1352 2688 Graiiunder
1384 2617 1438 2700 (ef.

319 2728 339 2794 l.
364 2745 390 2793 1.
417 2747 448 2808 p.
472 2723 529 2809 87)
558 2727 677 2809 eredit,
706 2727 740 2793 A
767 2727 936 2794 librarium
969 2727 1171 2793 describendi
1203 2727 1315 2792 labore
1347 2723 1438 2788 finito

321 2834 460 2900 codicem
484 2852 553 2899 curn
584 2835 759 2916 archetypo
787 2835 970 2901 contulisse.
1015 2835 1130 2916 Neque
1157 2835 1261 2916 ipsum
1285 2828 1438 2898 eradun-

321 2941 431 3007 derum
447 2941 533 3023 digit
548 2940 581 3007 A
598 2941 758 3009 nonnullis
779 2941 858 3008 locis
881 2941 1035 3007 traditam
1059 2940 1227 3008 lectionem
1250 2942 1438 3018 temptasse,
1562 2967 1563 2970 ¹

320 3047 354 3112 id
382 3048 467 3128 quod
489 3048 689 3129 potissimum
713 3067 753 3114 11
780 3049 941 3116 nonnullis
967 3047 1219 3115 correctionibus
1247 3044 1339 3110 falsis
1368 3061 1440 3107 curu

320 3155 354 3222 N
376 3173 440 3220 nou
463 3155 722 3237 conspirantibus
746 3156 908 3238 apparuit.
955 3155 1020 3222 Sed
1043 3156 1140 3221 etiam
1170 3152 1359 3231 aliisloois,
1383 3147 1440 3214 ubi

321 3261 354 3328 A
371 3265 405 3326 et
426 3261 460 3328 N
482 3262 676 3344 discrepant,
698 3263 978 3345 interpolationem
1001 3263 1043 3328 ad
1060 3262 1093 3328 A
1109 3261 1217 3326 redire
1239 3258 1439 3341 patefactum

321 3374 380 3436 est.
407 3370 492 3434 Nos
516 3373 623 3434 autem
635 3369 741 3453 locos,
763 3372 820 3436 ubi
843 3371 979 3451 codices,
997 3369 1169 3450 dequibus
1185 3366 1319 3447 agimus
1338 3363 1440 3429 verba

321 3475 505 3558 omiserunt,
524 3476 766 3544 considerantes
782 3484 931 3544 neutrum
945 3477 1039 3543 huius
1064 3478 1176 3556 culpae
1200 3470 1325 3539 absolvi
1344 3488 1440 3554 posse

319 3581 509 3648 invenimus.
555 3581 680 3667 Quodsi
704 3581 901 3651 Graffunder
922 3587 1094 3651 verborum
1118 3579 1328 3646 collocatione
1352 3583 1439 3643 trac-

320 3693 393 3755 tata
415 3689 542 3754 ruinam
565 3707 667 3770 paene
691 3690 879 3756 auctoritati
903 3690 1021 3756 codicis
1038 3690 1069 3755 N
1086 3690 1256 3770 paravisse
1272 3686 1334 3752 sibi
1349 3685 1439 3750 vide·
1560 3749 1561 3762 ,

320 3801 384 3879 tur,
418 3815 489 3862 eum
521 3813 638 3878 magno
671 3796 705 3861 in
737 3815 848 3862 errore
880 3796 1007 3862 versari
1039 3795 1244 3862 ostendimus.
1297 3794 1440 3860 Frustra

321 3905 404 3970 euim
437 3903 557 3986 legem,
592 3921 687 3983 quam
721 3903 755 3968 in
787 3903 897 3969 verbis
932 3902 1181 3986 transponendis
1215 3905 1345 3968 secutus
1384 3897 1437 3979 sit,

321 4027 468 4091 quaeras.
506 4009 614 4075 Hiatu
638 4011 746 4074 autem
769 4007 904 4091 aliisque
925 4009 1198 4092 pronuntiationis
1221 4006 1306 4072 notis
1325 4021 1437 4088 perac-

320 4115 364 4182 tis
403 4116 445 4182 11
480 4114 698 4197 quaestionem
737 4123 881 4183 nostram
919 4117 1161 4202 disceptandam
1197 4113 1278 4188 nihil
1313 4113 1439 4179 fructus

319 4222 530 4305 percepimus.
576 4223 691 4302 Neque
714 4223 798 4303 quod
821 4225 853 4292 N
877 4226 910 4290 11
938 4225 1068 4292 articuli
1095 4241 1155 4290 usu
1182 4222 1277 4306 plura
1304 4217 1440 4300 deliquit

319 4347 413 4412 quam
437 4328 482 4410 A,
506 4329 581 4397 inde
604 4331 739 4396 multum
762 4330 953 4398 concludere
970 4331 1056 4412 licet,
1080 4348 1152 4396 cum
1173 4329 1255 4396 haec
1277 4346 1330 4394 res
1346 4324 1438 4392 dubi-

319 4435 479 4503 tationum
501 4436 598 4519 plena
620 4435 672 4502 sit.
