3168 4976
694 339 733 401 31

150 554 273 636 aliquid
290 549 419 634 saepius
434 567 530 630 quam
547 547 629 614 Ain
646 547 858 630 Antiphontis
879 548 1078 616 orationibus
1103 548 1272 616 articulum

150 669 208 728 aut
232 662 317 728 falso
340 657 474 724 inseruit
499 663 556 721 aut
579 656 712 737 expulit,
736 655 833 722 nimio
857 655 888 720 ei
910 653 1035 720 crimini
1058 655 1137 722 dare
1160 674 1271 737 possu-

149 787 237 848 muS,
271 785 340 832 cum
367 763 522 830 eiusmodi
549 763 632 828 vitia
662 769 704 828 ne
734 763 767 827 in
799 762 928 844 optimis
955 762 1082 844 quidem
1109 762 1272 828 codicibus

155 874 269 940 desint.
1118 875 1122 882 '

238 978 303 1044 His
326 977 469 1060 peractis
491 975 660 1042 nonnullos
684 993 791 1041 eorum
811 975 952 1041 locurum
967 975 1193 1057 examinemus,
1217 975 1273 1042 ubi

147 1087 183 1153 N
209 1084 378 1152 librarium
411 1084 509 1148 etiam
541 1083 735 1148 sententiam
763 1085 934 1150 verborum
966 1101 1023 1149 suo
1052 1082 1187 1150 arbitrio
1214 1083 1271 1149 im·

147 1191 325 1259 mutavisse
350 1190 548 1258 Graffunder
570 1189 700 1255 iudicat.

239 1299 318 1364 Ani.
344 1299 390 1377 ΙΙ,
416 1317 441 1378 ἶ,
468 1303 486 1362 2
515 1295 573 1357 εἴτε
606 1296 660 1382 γάρ
693 1297 870 1382 προσιόντας
901 1294 985 1366 τινὰς
1017 1295 1271 1380 προϊδόντες...

152 1405 262 1490 ᾤχοντο
286 1405 330 1485 N,
355 1403 469 1474 ἰδόντες
492 1405 535 1468 A.
1060 1445 1062 1450 ,

240 1510 312 1596 Qua
345 1511 385 1576 de
416 1530 452 1576 re
483 1514 572 1574 recte
600 1509 679 1575 dicit
708 1508 829 1576 Oucuel
856 1505 891 1594 (l.
915 1527 941 1575 c.
963 1529 994 1591 p.
1019 1507 1087 1592 14):
1123 1509 1191 1591 „Oe
1218 1511 1274 1591 qui

151 1617 263 1700 frappe
291 1623 365 1682 tout
393 1615 527 1681 d’abord
555 1615 635 1682 daus
658 1617 705 1682 les
730 1616 875 1681 discours
898 1615 1109 1699 d'Antiphon,
1139 1615 1218 1682 c’est
1241 1618 1272 1684 le

148 1725 255 1808 grand
274 1727 407 1789 nombre
428 1725 485 1788 des
505 1725 670 1805 composes
689 1721 972 1805 prepositionnels,
997 1728 1126 1789 surtout
1144 1726 1271 1807 verbos,

149 1833 205 1913 qui
220 1830 270 1914 s’y
289 1823 498 1896 r'eucontrent
520 1848 658 1914 presque
682 1833 702 1894 1
725 1831 849 1910 chaque
871 1830 959 1912 111.ιι
999 1830 1112 1911 Atque
1136 1832 1273 1897 alterum

152 1938 278 2018 quidem
296 1955 395 2018 genus
412 1937 658 2018 compositorum
673 1937 722 2002 ita
737 1944 787 2003 est
806 1942 1035 2020 comparatum,
1058 1942 1096 2003 ut
1118 1937 1272 2020 simplicis

154 2043 346 2126 significatio
361 2065 382 2110 a
398 2043 573 2124 composito
588 2061 651 2108 non
672 2043 854 2125 dissentiat,
879 2033 1017 2110 alterum
1038 2045 1095 2127 ita,
1120 2051 1157 2110 ut
1178 2064 1272 2127 prae-

153 2151 308 2233 positione
331 2151 381 2218 vis
404 2151 497 2216 verbi
520 2154 671 2216 mutetur.
716 2151 784 2215 Hic
806 2153 904 2236 locus,
929 2153 1055 2233 dequo
1079 2151 1213 2234 agimus,
1238 2151 1272 2216 in

149 2259 331 2338 posteriore
363 2275 481 2338 genere
512 2257 729 2323 numerandus
761 2262 820 2324 est.
870 2259 956 2324 Nam
988 2258 1161 2340 composito
1194 2279 1273 2344 προι-

149 2361 256 2433 δόντες
282 2364 501 2429 narrationem
530 2364 749 2428 dilucidiorem
776 2364 847 2430 fieri
874 2364 970 2430 facile
997 2365 1110 2432 elucet.
1157 2367 1272 2432 'Petra-

150 2468 311 2549 logiarum
328 2468 411 2533 enim
433 2475 544 2537 auctor
566 2489 629 2537 uon
651 2475 718 2536 tam
741 2471 907 2538 iilustrare
922 2471 1024 2538 voluit
1047 2471 1272 2539 interfectores

152 2574 241 2640 viros
274 2576 401 2640 obviam
433 2582 543 2644 euntes
575 2577 710 2658 vidisse,
746 2579 804 2645 sed
835 2577 1050 2662 praevidisse,
1085 2578 1272 2661 priusquam

151 2691 369 2748 accesserunt.
407 2679 661 2751 decoratissime
677 2685 760 2750 enim
775 2686 839 2766 ille,
864 2685 948 2767 quod
965 2685 1078 2767 voluit,
1102 2687 1271 2768 expressit.

151 2787 269 2869 Itaque
301 2789 399 2854 eciam
427 2789 474 2873 ΙΙ,
505 2788 532 2872 β,
563 2797 604 2857 12
634 2791 666 2852 ἔκ
693 2811 725 2874 re
752 2797 813 2853 τῶν
845 2794 1097 2878 προειργασμὲνων
1129 2793 1270 2875 scripsit,

152 2896 298 2973 quamvis
324 2915 365 2961 ex
391 2897 461 2979 ipso
488 2898 632 2980 perfecto
656 2905 813 2982 appareat
839 2918 893 2966 res
917 2905 1015 2966 antea
1037 2906 1148 2982 gestas
1171 2899 1271 2982 signi-
1320 2985 1325 2996 Ι

151 2999 268 3065 111111.Δ
305 3002 385 3070 Inde
423 3010 571 3087 apertum
610 3006 649 3072 fit
682 3007 729 3087 II,
760 3027 785 3088 r,
816 3011 835 3072 2
871 3005 1064 3074 Oxoniensis
1101 3005 1271 3072 lectionem

151 3109 405 3189 anteponendam
439 3129 519 3178 esse.
563 3113 680 3195 Neque
708 3113 804 3180 aliter
831 3115 871 3180 de
894 3114 974 3180 Ant.
998 3114 1065 3194 III,
1089 3134 1115 3195 γ,
1142 3118 1160 3178 9
1189 3113 1271 3178 iude

152 3214 307 3282 cabimus:

241 3322 297 3382 ᾶὸ
325 3325 415 3405 νόμος
443 3324 599 3388 ἀποδίδωσί
627 3349 673 3409 μοι
702 3325 742 3411 μὴ
771 3323 870 3412 τυχὼν
901 3325 968 3413 παρ’
998 3323 1078 3407 ὑμῶν
1106 3327 1147 3409 Ν,
1175 3325 1271 3388 diduci

152 3441 202 3506 μοι’
221 3425 263 3494 Α.
995 3497 997 3504 γ

240 3535 293 3601 Α1
309 3535 506 3606 Graffunder
528 3537 596 3624 (1.1.
612 3560 642 3624 p.
659 3540 714 3622 51)
738 3541 866 3622 quidem
888 3545 984 3626 putat
1006 3539 1161 3607 audacius
1183 3539 1272 3622 loqui

148 3648 384 3709 accusatorem:
419 3646 476 3727 „Si
504 3650 639 3716 anobis
666 3667 730 3714 non
756 3649 983 3730 impetravero,
1013 3665 1096 3729 quae
1117 3647 1171 3713 lex
1192 3647 1271 3713 mihi

146 3747 485 3818 ’,1111111111111111ιι
538 3756 604 3824 Sed
637 3755 835 3823 accusatoris
863 3755 1000 3821 audacia
1027 3753 1270 3821 vehementibus

146 3873 218 3920 erus
234 3854 403 3925 affectibus
424 3867 608 3948 excusatur,
633 3863 781 3946 quoniam
801 3881 936 3947 puerum
955 3867 1104 3929 necatum
1127 3879 1190 3926 non
1212 3861 1270 3926 im-

145 3963 263 4028 merito
279 3964 472 4044 gravissime
488 3968 584 4035 dolet
614 3969 667 4054 (cf.
680 3972 746 4055 ΙΙΙ,
760 3993 789 4047 α,
803 3975 833 4037 2.
853 3971 918 4051 111,
936 3990 962 4052 1,
979 3975 1029 4035 11.
1043 3965 1107 4050 12.)
1131 3963 1272 4034 Accedit

145 4067 234 4150 quod
249 4068 336 4136 inter
351 4073 559 4157 compositum
574 4081 608 4141 et
623 4076 758 4158 simplex
772 4097 836 4143 non
852 4083 979 4142 tautum
998 4076 1145 4158 interest,
1170 4092 1270 4156 quau-

144 4179 216 4240 tum
240 4174 439 4248 Graiiunder
461 4182 540 4250 vult.
577 4183 616 4250 ci.
639 4185 700 4263 IV,
724 4182 749 4264 1,
776 4191 810 4248 1;
834 4187 878 4265 τῷ
901 4183 998 4268 χρόνῳ
1023 4180 1190 4248 ἀποδόντες.

238 4283 319 4352 cum
362 4293 470 4356 autem
512 4296 634 4358 certum
678 4289 734 4373 sit,
778 4295 816 4356 ut
853 4288 973 4356 Oucuel
1010 4293 1099 4354 recte
1136 4287 1269 4370 monuit,

147 4385 385 4472 Antiphontem
417 4397 520 4464 verba
554 4395 730 4480 composita
766 4394 984 4479 adamavisse,
1020 4395 1096 4477 quin
1125 4395 1171 4475 ΙΙ,
1196 4389 1269 4475 dii

148 4493 155 4508 Ι
