3168 4976
701 419 742 477 39

247 631 396 712 Denique
424 633 461 695 nt
487 631 589 694 totam
617 646 684 693 rem
707 625 852 693 breviter
879 625 1083 710 complectar,
1112 626 1192 692 nihil
1220 633 1280 713 est,

158 761 216 807 cur
243 739 278 806 N
304 736 470 804 librarium
494 735 600 801 virum
629 733 873 816 grammaticum
901 746 1035 814 eumque
1062 733 1281 812 doctissimum

158 846 259 912 inisse
279 850 436 926 putemus.
1203 907 1205 912 ,

212 1034 215 1045 s
246 953 362 1030 Neque
384 967 463 1014 vero
486 945 639 1027 intellego
664 946 785 1012 Oohnio
810 945 845 1032 (l.
867 967 894 1013 ο.
917 968 947 1030 p.
972 947 1027 1031 66)
1052 949 1279 1032 adstipuletuS,

158 1079 219 1142 qno
242 1056 336 1122 modo
352 1055 404 1120 vir
429 1052 658 1138 grammaticus
681 1053 805 1118 intem
829 1055 971 1121 absurde
986 1055 1078 1139 vitia,
1102 1075 1186 1138 quoe
1208 1075 1280 1138 per-

155 1167 260 1232 multa
297 1161 389 1228 nobis
427 1161 460 1226 in
500 1159 677 1228 Oxoniensi
719 1164 904 1244 occurrunt,
948 1162 1090 1228 incidere
1131 1163 1281 1246 potuerit.

159 1275 209 1338 At
233 1306 274 1316 —
298 1269 347 1334 ita
375 1265 557 1334 adversarii
582 1266 709 1332 librarii
731 1267 765 1334 N
793 1268 934 1334 clement
961 1305 1003 1315 -
1026 1269 1082 1335 illo
1108 1270 1191 1337 vitia
1218 1289 1282 1336 non

160 1380 201 1444 ab
217 1377 279 1443 isto
300 1375 370 1442 viro
393 1373 604 1458 grammatico
627 1375 661 1440 in
684 1373 823 1440 codicem
846 1374 939 1440 illata
961 1380 1046 1457 sunt,
1072 1377 1130 1441 sed
1153 1380 1194 1442 ab
1218 1377 1280 1443 elio

161 1483 298 1566 quodem
321 1501 421 1564 eoque
443 1481 551 1548 hebeti
574 1481 655 1562 viro,
684 1481 739 1562 qui
763 1481 903 1547 codicem
927 1501 947 1547 o
969 1482 1041 1550 viro
1065 1483 1281 1550 eruditissimo

160 1591 387 1672 interpolatum
425 1588 606 1670 descripsit.
661 1584 715 1671 (cf.
742 1589 897 1670 Briegleb
925 1589 945 1655 l.
974 1607 999 1655 c.
1027 1595 1101 1672 p.3
1135 1595 1168 1656 et
1200 1595 1282 1674 Ηυξ

158 1698 179 1762 l.
202 1715 227 1762 c.
250 1715 280 1778 p.
306 1695 370 1778 18.)
420 1695 486 1762 His
514 1699 622 1759 autem
649 1694 905 1775 respondendnm
936 1701 987 1762 est
1013 1696 1174 1778 permulta
1200 1697 1282 1764 vitia

162 1808 302 1885 exstare,
327 1821 410 1883 quae
424 1799 554 1880 utrique
570 1799 869 1866 codici‘commnnio
891 1808 976 1884 sunt,
1001 1823 1019 1868 e
1042 1805 1157 1886 quibus
1177 1823 1283 1888 pauco

16 1874 22 1971 i
162 1907 279 1973 efferre
302 1907 379 1972 mihi
401 1907 512 1972 liceat:

251 2030 331 2096 Ant.
343 2033 408 2124 Le
424 2030 593 2112 legendum
611 2035 660 2096 est
676 2029 813 2113 ἠθέλησα
826 2027 878 2111 μὲν
890 2067 932 2136 --.
945 2031 1135 2116 ἠθελήσαμεν
1148 2036 1282 2104 codices.

251 2155 330 2222 Ant.
353 2156 382 2237 I,
412 2161 452 2223 10
482 2153 653 2240 ἐπερωτῴην
676 2155 739 2238 leg.

482 2260 614 2348 ἐπερωτῶ
639 2259 679 2342 μὴ
703 2261 838 2328 codices.

251 2385 403 2466 Ant.III‚
415 2407 440 2465 ο,
452 2392 470 2450 7
483 2384 652 2468 ἀρνούμενος
674 2385 736 2466 leg.

483 2489 652 2574 ἀρνουμένου
676 2490 810 2558 codices.

251 2613 331 2680 Ant.
340 2615 402 2698 IV,
413 2612 439 2690 ἀ,
452 2619 470 2680 6
482 2616 649 2699 κρεοοοόνοος
671 2616 733 2697 leg.

282 2751 284 2754 ·
480 2727 606 2806 κρεῖσσον
630 2720 670 2781 ὢν
693 2722 827 2790 codices.

248 2846 324 2912 Din.
348 2847 376 2921 I,
402 2851 442 2911 36
480 2843 594 2929 ὤφελον
616 2845 679 2929 leg.

479 2951 583 3035 ὄφελον
607 2953 753 3019 υοᾶίοθ8.’

249 3075 325 3140 Din,
348 3078 376 3159 I,
402 3080 442 3141 46
479 3075 508 3134 ὃν
531 3083 670 3160 προσῆκεν
694 3078 875 3141 ἀπολωλέναι
897 3081 960 3166 leg.

479 3180 519 3240 ὠν
542 3190 681 3268 προσῆκεν
706 3185 887 3248 ἀπολωλέναι
910 3189 1043 3257 codices„

249 3306 324 3372 Din,
348 3309 375 3387 I,
401 3312 442 3374 73
478 3311 528 3367 τοῦ
552 3306 627 3393 ἱεροῦ
650 3309 737 3396 λόχου
760 3311 823 3394 leg.

477 3418 525 3474 τοῦ
549 3413 622 3500 ἱεροῦ
645 3416 728 3500 λόγου
751 3419 885 3486 codices.

249 3535 325 3601 Din.
346 3537 375 3619 Ι,
400 3542 442 3604 75
478 3541 567 3626 μόρον
590 3541 653 3630 leg.

478 3651 575 3731 μοῖραν
599 3649 733 3714 codices.

246 3766 322 3833 Din.
338 3769 366 3850 I,
389 3773 452 3835 102
477 3768 549 3830 οὓτω
573 3771 636 3853 leg.

477 3875 508 3936 οὐ
531 3882 574 3936 τάν
598 3878 731 3944 codices.

246 3996 321 4064 Din.
337 4000 385 4082 II,
411 4005 451 4064 23
475 4003 646 4084 προστάττω
668 4003 731 4084 leg.

475 4104 545 4190 πρὸς
567 4106 592 4166 τ’
618 4105 700 4168 αὐτὸν
724 4109 859 4177 codices·

244 4247 340 4312 Haeo
367 4247 511 4329 exempla
542 4249 714 4317 sufficiant.
765 4253 858 4338 Quae
884 4273 963 4321 vero
991 4257 1073 4323 vitia
1100 4263 1133 4324 et
1161 4259 1276 4344 Oripp-

155 4349 266 4418 sianus
282 4358 316 4418 et
332 4351 525 4420 Oxoniensis
542 4353 703 4441 exhibent,
728 4377 767 4424 ea
787 4362 900 4442 procul
923 4361 1019 4430 dnbio
1042 4364 1075 4432 in
1099 4366 1276 4451 archetypo

153 4457 293 4525 fuerunt
339 4461 391 4524 En
419 4459 531 4527 doctus
555 4463 620 4547 vir,
649 4464 800 4545 quisine
828 4467 1029 4538 dubitatione
1056 4473 1215 4555 permtdte
1243 4480 1276 4542 et

1424 4553 1524 4583 ,na-*2*
1575 4533 1576 4567 t
