3168 4976
874 357 913 416 12

420 562 454 629 A
481 569 588 630 autem
615 564 783 636 librarium
809 567 843 631 in
875 566 1084 632 describendo
1114 569 1222 634 codice
1248 588 1449 650 nequaquam

330 673 425 736 tanta
458 671 615 754 religione
647 671 747 738 inisse
781 675 903 752 quanta
936 671 1133 738 Graffunder
1168 681 1292 759 censet,
1328 694 1368 743 ex
1402 677 1448 744 eis

330 777 530 860 potissimum
556 777 634 844 locis
662 783 808 859 apparet,
837 778 893 844 ubi
915 778 950 846 N
972 783 1006 845 et
1028 777 1111 860 Apr.
1135 799 1215 844 vera
1241 783 1295 848 vel
1321 785 1450 852 veriora

330 885 423 950 nobis
446 885 590 966 tradunt,
614 882 661 952 A1
686 884 778 950 falsa.
812 885 853 950 In
876 905 913 952 eo
937 885 1021 951 enim
1044 885 1327 967 deprehenduntur
1350 892 1450 958 inter·

330 993 503 1074 potatores,
526 991 610 1072 quod
624 992 721 1072 locos,
738 991 794 1073 qui
809 991 914 1058 obiter
928 991 1113 1075 inspicienti
1129 993 1272 1074 corrupti
1286 993 1448 1079 videntur,

331 1119 367 1165 re
394 1117 475 1165 vera
501 1097 623 1182 integri
650 1103 734 1181 sunt,
768 1104 929 1181 temptant
955 1099 1009 1166 vel
1034 1099 1121 1166 locos
1149 1105 1316 1181 corruptos
1344 1102 1451 1182 specie

333 1209 462 1286 sanant,
501 1223 538 1270 re
571 1223 651 1270 vera
685 1205 783 1270 etiam
814 1206 918 1288 magis
958 1207 1175 1288 pessumdant.
1238 1209 1337 1278 Velut
1370 1208 1449 1274 Ant.

331 1311 397 1392 ΙΙΙ,
419 1330 445 1391 ί,
468 1315 486 1375 3
512 1309 546 1377 Α
562 1310 715 1394 ἡγήσασθε
737 1307 858 1396 (Apa),
883 1312 1055 1380 πεισθέντας
1079 1314 1244 1394 corrigere
1266 1315 1395 1395 oblitus,
1416 1315 1451 1380 in

331 1416 486 1502 ἡγήσησθε
509 1417 591 1483 falso
614 1421 768 1497 mutavit;
793 1424 916 1484 rectum
939 1419 1023 1484 enim
1046 1424 1097 1484 est
1119 1419 1287 1503 braceola
1310 1417 1373 1505 (sic
1397 1419 1452 1506 N).

330 1525 447 1606 Neque
462 1525 560 1590 aliurn
574 1524 610 1590 A
625 1543 660 1590 se
675 1525 827 1604 praebuit
842 1527 921 1590 Aut.
937 1528 999 1608 IV,
1024 1547 1052 1602 α,
1076 1530 1107 1609 2,
1131 1527 1186 1592 ubi
1201 1527 1351 1608 legimus:
1377 1529 1456 1595 ὅστιτ

333 1629 382 1692 οὖν
398 1631 511 1692 τούτων
530 1628 582 1690 ὑπὸ
599 1634 651 1690 τοῦ
666 1629 737 1691 θεοῦ
755 1626 934 1710 ἀξιωθέντος
950 1636 1002 1692 τοῦ
1020 1629 1082 1713 βίου
1103 1633 1188 1718 ἡμῶν
1206 1680 1212 1694 .
1232 1681 1239 1695 .
1258 1681 1264 1694 .
1283 1635 1453 1709 ἀποκτείνει,

248 1750 249 1755 ’
333 1736 488 1822 (NApr.),
506 1737 553 1806 Ar
568 1733 714 1816 ἀξιωθεὶς.
747 1740 949 1824 Quamquam
965 1736 1102 1819 ἀξιωθείς
1117 1743 1219 1807 verba
1235 1741 1333 1806 etiam
1348 1742 1454 1824 magis

331 1845 448 1928 perdit,
473 1849 582 1910 tamen
598 1845 628 1910 ei
645 1845 699 1926 qui
714 1845 817 1912 locum
832 1864 896 1910 non
912 1849 1095 1912 accuratius
1111 1847 1252 1930 inspexit
1267 1853 1300 1913 et
1317 1847 1396 1916 dcet
1413 1883 1453 1893 -

334 1947 470 2030 ἀξιωθεὶς
487 1937 530 1996 -’
546 1952 704 2012 ἀποκτείνει
725 1953 919 2035 coniungere
937 1952 1049 2036 Voluit,
1073 1957 1197 2020 rectum
1213 1954 1318 2021 videri
1340 1956 1457 2038 potuit.

333 2060 378 2124 Et
393 2058 464 2139 quis
481 2064 540 2142 est,
566 2059 642 2140 quin
663 2059 747 2122 sciat
768 2059 919 2124 librarios
943 2060 977 2124 in
1000 2060 1155 2126 eiusmodi
1180 2062 1458 2129 emendationibus

333 2165 521 2248 saepissime
555 2163 777 2247 acquievisse?
827 2166 946 2247 Itaque
979 2185 1042 2231 non
1073 2166 1144 2232 iure
1176 2166 1254 2232 dicit
1286 2169 1456 2250 Adelphus

333 2274 515 2340 Bohlmann
548 2272 796 2357 (Antiphontea.
828 2271 1052 2358 Vratislaviae
1086 2275 1187 2356 1882,
1205 2283 1251 2356 p.
1284 2272 1318 2354 2)
1352 2293 1456 2356 neque

333 2380 439 2445 virum
454 2379 586 2459 linguae
602 2378 749 2446 Graecae
772 2378 910 2462 peritum
933 2398 1037 2460 neque
1059 2380 1242 2461 imperitum
1267 2400 1307 2446 ex
1325 2381 1456 2464 ingenio

333 2506 391 2553 suo
419 2481 557 2564 ἀξιωθείς
585 2487 727 2552 scribere
753 2485 905 2568 potuisse.
954 2486 1041 2553 Nam
1070 2506 1141 2552 cum
1169 2487 1202 2553 A
1229 2487 1282 2554 vir
1310 2487 1456 2556 Graecus

334 2600 421 2659 esset
444 2589 499 2678 (ci.
516 2593 614 2660 Blass
633 2593 734 2675 praef.
749 2612 778 2674 p.
796 2594 829 2662 V
844 2601 878 2658 et
892 2591 1031 2677 XXII),
1050 2594 1153 2660 locum
1177 2600 1361 2676 corruptum
1386 2614 1457 2661 esse

289 2719 291 2722 ·
334 2699 446 2783 sensit,
470 2705 597 2766 tantum
619 2719 697 2766 vero
721 2699 845 2781 aberat,
869 2703 907 2764 ut
930 2698 959 2764 ei
981 2699 1174 2782 mederetur,
1200 2705 1236 2765 ut
1259 2719 1329 2764 eum
1350 2699 1457 2780 specie

333 2805 460 2873 illectus
494 2807 591 2890 plane
624 2800 812 2890 perderet.²)
871 2807 993 2871 Eodem
1031 2807 1123 2871 modo
1158 2807 1191 2872 A
1226 2805 1388 2888 peccavit,
1428 2805 1457 2873 si

335 2913 415 2979 Ant
431 2915 459 2995 I,
486 2920 502 2978 1
521 2933 579 2996 pro
597 2913 656 2998 ἔχει
673 2935 719 2994 μοι
735 2910 879 2995 (NApr.)
900 2911 1069 2993 rescripsit
1093 2911 1195 2996 ἔχοιμι,
1221 2915 1263 2995 V,
1289 2918 1330 2979 19
1346 2914 1456 2981 verbis

336 3015 607 3088 summariiqssilot
622 3041 666 3088 τις
684 3026 786 3086 motus
801 3037 860 3101 pro
881 3015 1062 3086 ἐλασσωθεὶς
1079 3016 1222 3102 (NApr.)
1246 3017 1315 3088 ἕλος
1339 3019 1457 3112 σωθείς,

232 3205 234 3212 ,
335 3127 397 3210 VI,
427 3133 468 3196 10
496 3147 555 3212 pro
586 3124 826 3212 καταψηφίσεσθε
853 3121 999 3209 (NApr.)
1027 3123 1303 3212 antudppicpcbe2)
1332 3125 1456 3208 (verum

336 3241 386 3302 est
413 3232 692 3319 καταψηφίσαισθε),
720 3234 782 3316 VI,
807 3237 860 3313 22,
893 3232 949 3298 ubi
975 3231 1057 3298 falso
1085 3234 1119 3300 N
1147 3233 1171 3294 εἰ
1199 3233 1238 3308 ἓν,
1268 3234 1350 3314 Apr.
1379 3231 1455 3292 εἶ..

335 3341 481 3426 praebet,
510 3340 564 3403 εἰσὶ
590 3362 649 3426 pro
677 3341 733 3402 εἶεν
761 3339 913 3424 reposuit.
960 3339 1008 3406 Hi
1035 3341 1097 3406 loci
1120 3341 1218 3406 etiam
1241 3338 1457 3432 Graffunderc

337 3446 390 3533 (cf.
412 3451 434 3515 l.
457 3469 483 3515 c.
506 3469 537 3533 p.
562 3454 613 3516 13.
638 3446 695 3534 14)
722 3448 956 3514 dubitationem
977 3447 1167 3526 iniecerunt,
1197 3445 1254 3512 sed
1277 3444 1401 3512 frustra
1425 3443 1458 3510 A

336 3555 505 3623 librarium
529 3557 697 3623 absolvere
720 3554 839 3638 studet,
869 3555 898 3620 si
920 3559 1035 3621 contra
1057 3553 1196 3620 omnium
1218 3552 1361 3619 virorum
1385 3551 1457 3617 doc·

338 3669 454 3744 torum,
478 3663 534 3744 qui
550 3661 777 3746 Orippsianum
798 3667 1019 3742 excusserunt,
1045 3678 1233 3726 consensum
1256 3659 1299 3724 ad
1321 3660 1458 3724 alteram

338 3789 465 3836 manum
481 3770 556 3836 illas
572 3770 786 3837 correctiones
809 3769 997 3837 referendas
1021 3787 1092 3836 esse
1115 3768 1306 3851 suspicatur.
1348 3766 1459 3832 Etiam

337 3878 377 3944 ob
410 3877 487 3942 Din.
514 3879 542 3960 I,
577 3881 596 3943 9
629 3883 663 3944 et
689 3877 718 3962 Ι,
753 3881 794 3943 60
825 3877 859 3942 A
889 3877 924 3942 in
955 3873 1215 3958 interpolationis
1246 3872 1458 3955 suspicionem

409 4069 432 4139 ¹)
451 4073 503 4142 IV,
530 4087 554 4132 α,
579 4073 596 4127 2
622 4073 731 4142 Sauppe
755 4077 828 4128 recte
852 4073 1006 4128 restituisse
1031 4071 1098 4126 mihi
1121 4070 1241 4135 videtur,
1266 4069 1311 4136 qni
1333 4067 1458 4122 coniecit:

339 4157 435 4212 τούτων
448 4199 454 4212 .
468 4199 474 4212 .
489 4158 651 4229 ἀξιωθέντων
663 4159 743 4232 ἡμῶν,
758 4163 801 4212 τοῦ
815 4153 870 4232 βίου
882 4177 946 4217 vero
962 4177 1020 4215 oum
1033 4160 1143 4214 Baitero
1156 4162 1188 4212 ut
1200 4157 1337 4225 glossema
1350 4157 1459 4212 delevit.

339 4253 462 4328 Eandem
480 4253 643 4307 sententiam
661 4252 814 4307 Bohlmann
832 4249 861 4319 (1.
881 4267 902 4306 c.
920 4267 946 4319 p.
968 4249 1012 4318 19)
1032 4249 1171 4316 amplexus
1195 4251 1245 4301 est

409 4337 432 4410 Ξ)
451 4343 513 4396 Ηοο
530 4343 588 4396 loco
607 4342 690 4396 etiam
711 4341 860 4395 Bchlmann
878 4339 908 4405 (l.
927 4355 950 4394 c.
968 4356 994 4406 p.
1013 4338 1042 4400 2)
1065 4336 1189 4391 concedit
1208 4335 1347 4390 librarium
1365 4333 1393 4390 A
1412 4349 1460 4389 suo

343 4431 455 4488 arbitrio
473 4430 557 4486 verba
574 4436 695 4485 mutasse
713 4430 807 4484 videri.
