3168 4976
865 341 905 401 14

772 425 986 434 ...ιιι-..-

319 545 434 626 pontia
450 544 530 611 Ant
546 546 588 628 V,
611 549 652 612 52
673 543 840 630 (reperatur
859 549 903 628 Ν,
925 547 1038 630 ἐγένετο
1060 550 1107 631 A)
1131 557 1205 618 crta
1227 557 1287 637 est,
1311 554 1438 624 etiamsi

319 651 372 717 hic
385 669 510 733 quoque
523 655 722 736 comparanti
736 653 814 720 mihi
825 653 987 734 Ant.I,1s
999 651 1182 739 (πειράσομαι
1195 702 1202 722 .
1214 705 1221 724 .
1234 659 1435 743 διηγήσασθαι,

215 809 218 818 ,
320 755 533 840 deperduntur
557 759 576 842 ἡ
600 758 695 840 δόσις)
718 765 752 825 et
767 759 810 842 V,
828 765 868 826 81
890 756 1063 846 (προσέχετε
1086 757 1118 822 δὲ
1141 761 1192 822 τὸν
1215 770 1281 824 νοῦν
1298 765 1375 850 αὐτῇ
1397 777 1437 851 τῇ
1556 740 1559 771 '

321 861 438 950 βασάνῳ
464 865 509 927 cia
533 865 696 950 γεγένηται)
722 866 899 934 oxoniensi
931 867 1213 950 obtemperandum
1246 887 1317 936 esse
1346 875 1436 942 vide·
1558 932 1559 947 ,

318 979 381 1038 οιιιο
427 971 518 1038 Idem
541 973 582 1038 de
604 973 680 1038 Dim
697 973 726 1056 Ι,
745 975 796 1056 17,
813 975 841 1053 Ι,
860 979 912 1054 ῖθ,
930 975 976 1052 Π,
1003 979 1043 1042 ib
1068 975 1182 1058 sentio,
1205 976 1261 1042 ubi
1284 977 1318 1042 A
1341 998 1435 1059 prae·

318 1079 438 1160 sentia,
462 1080 496 1146 N
519 1077 666 1160 perfecta
687 1081 782 1146 verbi
809 1080 1013 1143 πολιτεύεσθαι
1041 1081 1082 1165 (Ι,
1109 1087 1149 1148 17
1166 1081 1434 1163 ,συμπολιτεύεσθαι

317 1184 493 1266 invenitur)
519 1185 672 1252 exhibent
699 1191 733 1252 et
756 1187 896 1254 editores
921 1188 1135 1256 Onouiensem
1158 1189 1261 1256 secuti
1284 1195 1358 1256 suut
1380 1187 1433 1274 (ei.

318 1291 489 1359 Thalhaim
517 1291 557 1356 de
579 1292 656 1358 Din.
680 1293 843 1360 codicibus
871 1300 1036 1360 comment.
1058 1315 1089 1376 p.
1112 1294 1147 1380 7)
1170 1295 1282 1378 Magis
1306 1297 1433 1363 dubium

317 1405 381 1481 est,
410 1405 518 1465 utrum
546 1400 626 1466 Ani.
649 1400 719 1480 III,
749 1399 774 1482 δ,
804 1406 823 1465 4
852 1397 1065 1483 (ἀποδείκνυται
1091 1402 1139 1485 Ν,
1169 1402 1364 1468 ἀποδέδεικται
1387 1403 1434 1486 A)

316 1505 485 1572 lectionem
516 1505 745 1587 interpolatam
776 1506 840 1572 iam
871 1507 906 1572 in
938 1509 1115 1590 archetypo
1142 1507 1177 1574 A
1204 1508 1366 1576 inuenerit
1393 1531 1435 1578 an

316 1611 387 1696 ipse
414 1613 482 1678 eius
510 1619 623 1678 auctor
650 1613 708 1696 sit,
737 1631 808 1678 cum
836 1613 941 1692 obiter
966 1613 1128 1695 legentem
1153 1633 1308 1697 praesens
1338 1615 1435 1682 facile

317 1721 477 1798 offendere
500 1721 650 1803 potuerit.
695 1720 884 1788 Ocriissime
907 1720 1273 1800 ascenderimus
1297 1721 1333 1788 A
1355 1727 1434 1787 tem-

271 1825 273 1831 ’
315 1845 376 1912 pus
392 1825 486 1894 verbi
501 1827 653 1910 corrupit.
674 1827 677 1836 '
697 1827 751 1894 ibi
766 1828 849 1895 enim
865 1829 897 1896 N
913 1828 1100 1910 suppeditat
1122 1827 1326 1913 epicarpium,
1349 1829 1434 1910 quod

317 1935 430 2019 procul
453 1934 549 2000 dubio
571 1933 606 2000 in
629 1935 805 2017 archetypo
827 1933 899 2014 tuit,
921 1933 955 2001 A
975 1952 1053 2002 uero
1073 1935 1268 2020 προσέχοντες
1292 1929 1432 2016 scripsit,

316 2059 387 2109 cum
420 2054 492 2108 eum
523 2040 654 2124 fugeret
685 2045 818 2122 propter
848 2041 1019 2121 insequens
1051 2041 1257 2122 participium
1285 2039 1435 2109 ἐπιθέντες

315 2149 485 2232 legendum
509 2163 580 2214 esse
602 2149 810 2234 προσσχόντες.
851 2227 852 2232 ¹

405 2255 516 2324 Etiam
539 2256 618 2321 Ant.
634 2255 682 2337 II,
699 2253 724 2334 b,
743 2261 762 2319 ὃ
780 2251 868 2338 (ἀωρὶ
891 2257 950 2313 τῶν
973 2257 1086 2320 νυκτῶν
1108 2253 1152 2334 N,
1177 2257 1232 2334 τῆς
1255 2251 1363 2324 νυκτὸς
1386 2251 1434 2337 Α)

315 2361 349 2431 N
371 2361 546 2430 fideliorem
569 2381 605 2428 se
627 2363 773 2444 praebet,
801 2374 875 2426 nam
902 2359 1028 2442 poetico
1050 2357 1298 2440 tetralogiarum
1322 2360 1435 2442 generi

214 2512 216 2517 -
317 2471 443 2538 dicendi
470 2469 664 2538 Oxonicnsis
691 2467 787 2534 lectio
815 2466 934 2548 optime
961 2462 1120 2532 convenit.
1168 2465 1324 2532 Pluribus
1356 2467 1435 2532 mihi

316 2580 356 2645 de
378 2577 459 2644 Ant.
472 2577 533 2658 VI,
555 2581 597 2642 40
622 2573 849 2658 disputandum
874 2577 931 2639 est.
976 2571 1030 2638 Ibi
1053 2572 1136 2638 enim
1158 2570 1310 2654 legimus:
1335 2571 1432 2655 ἐπειδὴ

297 2684 439 2748 ’ἐπύθετο
461 2681 556 2768 (sab
579 2679 686 2765 βουλὴ)
709 2681 917 2766 προειρημένον
933 2695 980 2760 μοι
996 2676 1140 2765 εἴργεσθαι
1157 2682 1217 2740 τοῖιν
1233 2680 1362 2760 νομίμων
1379 2676 1431 2738 ὑπὸ

316 2792 438 2868 cabrer,
463 2789 518 2862 οὓς
540 2787 641 2875 ἑώρων
665 2793 726 2854 etc.
749 2783 820 2873 (N),
846 2785 925 2872 ἑώρα
948 2786 991 2853 A.

404 2897 573 2965 Facillime
595 2895 712 2978 aliquis
732 2895 841 2963 verbis
865 2892 1130 2960 antecedentibus
1154 2893 1174 2977 ἡ
1197 2891 1290 2976 βουλὴ
1313 2897 1345 2959 et
1366 2890 1433 2954 ἐτύ-

314 3003 385 3067 ecco
408 3003 529 3086 impelli
550 3002 666 3086 potuit,
690 3007 728 3068 nt
749 3013 808 3083 pro
832 2997 933 3086 ἑώρων
956 3000 1115 3066 'scriberet
1138 2997 1224 3086 ἑώρα,
1270 3001 1330 3068 Ied
1354 2998 1432 3085 ἑώρα

315 3112 395 3180 nihil
421 3111 521 3178 habet
547 3109 740 3176 offensionis»
765 3149 766 3154 ,
786 3110 904 3188 Itaque
929 3107 1025 3174 lectio
1049 3106 1244 3176 Oxoniensis
1268 3109 1309 3173 ab
1332 3107 1431 3170 inter·

315 3219 486 3304 polationis
517 3216 698 3299 suspicione
729 3215 857 3297 longius
891 3217 993 3280 abest.
1042 3215 1158 3294 Neque
1189 3216 1277 3278 recte
1308 3209 1432 3276 iudicat
1561 3211 1562 3218 ’

315 3324 496 3394 Bohimann
522 3321 557 3407 (l.
580 3343 606 3390 c
628 3342 658 3405 p
683 3321 717 3407 3)
741 3320 841 3409 ἑώρων
865 3327 932 3388 tam
955 3322 1069 3388 durum
1092 3339 1178 3398 esse,
1207 3322 1244 3382 ut
1270 3315 1351 3382 ferri
1376 3333 1431 3382 ne

315 3432 422 3517 queat
447 3431 597 3514 quoniam
618 3430 775 3497 eiusmodi
797 3427 1063 3510 constructiones,
1087 3438 1167 3506 quaa
1183 3436 1336 3489 vocamus
1356 3421 1432 3483 κατὰ

315 3540 436 3615 σύνεσιν,
459 3540 639 3620 permultae
662 3538 748 3620 apud
775 3536 950 3620 scriptores
975 3535 1117 3602 Graecos
1144 3529 1354 3621 inveniuntur
1377 3526 1431 3612 (ci.

315 3646 463 3717 Curtius:
492 3664 624 3728 gramm.
649 3665 698 3728 gr.
736 3645 828 3726 Prag
858 3648 942 3709 1875
970 3637 991 3726 ξ
1019 3633 1107 3722 362).
1158 3639 1204 3703 aa
1231 3637 1432 3704 diversorum

313 3773 517 3822 numerorum
562 3750 781 3835 copulationes
830 3749 928 3815 etiam
974 3741 1209 3828 Antiphontem
1260 3739 1432 3808 admittere

313 3865 486 3930 Mastaner
508 3860 541 3926 in
565 3859 641 3926 edit
664 3857 745 3925 Ant.
768 3856 810 3922 ad
832 3857 880 3935 Π,
904 3875 930 3936 r,
956 3859 975 3918 2
999 3850 1152 3932 exemplis
1174 3849 1291 3918 docuit

402 3968 519 4050 Neque
532 3965 641 4033 facere
656 3971 795 4050 possum,
820 3961 896 4044 quin
911 3957 1025 4043 layci
1043 3965 1106 4024 122
1122 3963 1156 4023 et
1171 3956 1190 4042 ᾗ
1208 3960 1271 4022 123
1290 3954 1431 4022 auetori-

313 4074 377 4140 tati
394 4073 512 4140 codicis
529 4071 723 4141 Oxoniensis
742 4088 793 4135 me
816 4067 973 4150 addicam,
998 4065 1053 4132 ubi
1068 4064 1191 4134 Oohnio
1214 4061 1432 4143 adstipulatus

314 4182 440 4269 (Herm.
457 4183 519 4248 vol.
534 4173 649 4248 XXII
672 4201 701 4262 p.
719 4175 775 4264 67)
798 4175 878 4260 λόγῳ
903 4163 990 4256 μόνον
1013 4167 1073 4257 (Ν)
1097 4187 1155 4253 pro
1175 4167 1256 4254 λόγῳ
1272 4171 1352 4252 μόνῳ
1369 4165 1431 4251 (A)

313 4289 484 4373 legendum
512 4307 583 4356 esse
610 4307 735 4367 censeo,
764 4305 835 4351 cum
862 4277 949 4349 inter
974 4282 1033 4346 hos
1059 4276 1147 4344 loces
1175 4281 1209 4344 et
1235 4271 1253 4359 ἓ
1279 4276 1352 4357 116,
1376 4273 1433 4341 ubi

314 4403 449 4480 uterque
477 4396 577 4462 codex
603 4393 683 4478 λόγῳ
708 4393 969 4476 prosopopaeia,
997 4387 1078 4454 nihil
1105 4386 1244 4455 intersit.
1289 4386 1432 4452 Frustra
